{"seq": 1, "timestamp": "2025-10-17T06:02:05.860000", "event_time": 1760652125860, "latency_ms": 60.74, "symbol": "ETHUSDT", "bids": [[3873.53, 0.006], [3873.52, 1753.526], [3873.19, 7.501], [3873.18, 205.905], [3873.15, 103.18]], "asks": [[3873.99, 0.024], [3874.0, 3.944], [3874.04, 0.02], [3874.39, 0.006], [3876.37, 8.113]]}
{"seq": 2, "timestamp": "2025-10-17T06:02:06.125000", "event_time": 1760652126125, "latency_ms": 59.25, "symbol": "ETHUSDT", "bids": [[3873.53, 0.006], [3873.52, 1753.526], [3873.19, 7.501], [3873.18, 205.905], [3873.15, 103.18]], "asks": [[3873.99, 0.013], [3874.0, 3.944], [3874.04, 0.02], [3874.38, 0.011], [3874.39, 0.006]]}
{"seq": 3, "timestamp": "2025-10-17T06:02:06.556000", "event_time": 1760652126556, "latency_ms": 61.0, "symbol": "ETHUSDT", "bids": [[3873.53, 0.006], [3873.52, 1753.526], [3873.19, 7.501], [3873.18, 205.905], [3873.15, 103.18]], "asks": [[3874.0, 3.944], [3874.04, 0.02], [3874.38, 0.02], [3874.39, 0.006], [3876.37, 8.113]]}
{"seq": 4, "timestamp": "2025-10-17T06:02:06.830000", "event_time": 1760652126830, "latency_ms": 59.78, "symbol": "ETHUSDT", "bids": [[3873.53, 0.006], [3873.52, 1753.526], [3873.19, 7.501], [3873.18, 205.905], [3873.15, 103.18]], "asks": [[3874.0, 3.944], [3874.04, 0.02], [3874.38, 0.02], [3874.39, 0.006], [3876.37, 8.113]]}
{"seq": 5, "timestamp": "2025-10-17T06:02:07.072000", "event_time": 1760652127072, "latency_ms": 60.7, "symbol": "ETHUSDT", "bids": [[3873.53, 0.006], [3873.52, 1753.526], [3873.19, 7.501], [3873.18, 205.905], [3873.15, 103.18]], "asks": [[3874.0, 3.937], [3874.04, 0.02], [3874.39, 256.494], [3874.58, 256.481], [3876.37, 8.113]]}
{"seq": 6, "timestamp": "2025-10-17T06:02:07.198000", "event_time": 1760652127198, "latency_ms": 61.23, "symbol": "ETHUSDT", "bids": [[3873.53, 0.006], [3873.52, 1753.526], [3873.19, 7.501], [3873.18, 205.905], [3873.15, 103.18]], "asks": [[3874.0, 3.937], [3874.04, 0.02], [3874.18, 256.481], [3874.39, 256.494], [3874.58, 256.481]]}
{"seq": 7, "timestamp": "2025-10-17T06:02:07.568000", "event_time": 1760652127568, "latency_ms": 60.8, "symbol": "ETHUSDT", "bids": [[3873.53, 0.006], [3873.52, 1753.526], [3873.19, 7.501], [3873.18, 205.905], [3873.15, 103.18]], "asks": [[3874.0, 3.929], [3874.04, 0.02], [3874.35, 256.481], [3874.39, 256.502], [3874.58, 256.481]]}
{"seq": 8, "timestamp": "2025-10-17T06:02:07.692000", "event_time": 1760652127692, "latency_ms": 61.67, "symbol": "ETHUSDT", "bids": [[3873.53, 0.006], [3873.52, 1753.526], [3873.19, 7.501], [3873.18, 205.905], [3873.15, 103.18]], "asks": [[3874.0, 3.929], [3874.04, 0.02], [3874.35, 256.481], [3874.39, 256.502], [3874.46, 256.481]]}
{"seq": 9, "timestamp": "2025-10-17T06:02:07.836000", "event_time": 1760652127836, "latency_ms": 60.74, "symbol": "ETHUSDT", "bids": [[3873.53, 0.006], [3873.52, 1753.526], [3873.19, 7.501], [3873.18, 205.905], [3873.15, 103.18]], "asks": [[3874.0, 3.929], [3874.05, 0.02], [3874.35, 256.481], [3874.39, 256.502], [3874.46, 256.481]]}
{"seq": 10, "timestamp": "2025-10-17T06:02:08.093000", "event_time": 1760652128093, "latency_ms": 61.2, "symbol": "ETHUSDT", "bids": [[3873.53, 0.006], [3873.52, 1753.526], [3873.19, 7.501], [3873.18, 205.905], [3873.15, 103.18]], "asks": [[3874.0, 3.922], [3874.05, 0.02], [3874.63, 256.481], [3874.65, 256.481], [3875.78, 0.007]]}
{"seq": 11, "timestamp": "2025-10-17T06:02:08.203000", "event_time": 1760652128203, "latency_ms": 61.1, "symbol": "ETHUSDT", "bids": [[3873.53, 0.006], [3873.52, 1753.526], [3873.19, 7.501], [3873.18, 205.905], [3873.15, 103.18]], "asks": [[3874.0, 3.922], [3874.05, 0.02], [3874.63, 256.481], [3874.65, 256.481], [3875.78, 1290.007]]}
{"seq": 12, "timestamp": "2025-10-17T06:02:08.584000", "event_time": 1760652128584, "latency_ms": 61.41, "symbol": "ETHUSDT", "bids": [[3873.53, 0.006], [3873.52, 1753.526], [3873.19, 7.501], [3873.18, 205.905], [3873.15, 103.18]], "asks": [[3874.0, 3.913], [3874.05, 0.02], [3875.78, 2322.016], [3876.37, 8.113], [3883.68, 1572.766]]}
{"seq": 13, "timestamp": "2025-10-17T06:02:08.693000", "event_time": 1760652128693, "latency_ms": 61.05, "symbol": "ETHUSDT", "bids": [[3873.53, 0.006], [3873.52, 1753.526], [3873.19, 7.501], [3873.18, 205.905], [3873.15, 103.18]], "asks": [[3874.0, 3.913], [3874.05, 0.02], [3875.78, 2580.016], [3876.37, 8.113], [3883.68, 1572.766]]}
{"seq": 14, "timestamp": "2025-10-17T06:02:08.854000", "event_time": 1760652128854, "latency_ms": 60.57, "symbol": "ETHUSDT", "bids": [[3873.53, 0.006], [3873.52, 1753.526], [3873.19, 7.501], [3873.18, 205.905], [3873.15, 103.18]], "asks": [[3874.0, 3.913], [3874.05, 0.02], [3875.78, 2580.016], [3876.37, 8.113], [3883.68, 1572.766]]}
{"seq": 15, "timestamp": "2025-10-17T06:02:09.140000", "event_time": 1760652129140, "latency_ms": 60.32, "symbol": "ETHUSDT", "bids": [[3873.53, 0.006], [3873.52, 1753.526], [3873.19, 7.501], [3873.18, 205.905], [3873.15, 103.18]], "asks": [[3875.78, 2566.144], [3876.37, 8.113], [3883.68, 1572.766], [3883.69, 1288.019], [3883.78, 0.258]]}
{"seq": 16, "timestamp": "2025-10-17T06:02:09.282000", "event_time": 1760652129282, "latency_ms": 59.76, "symbol": "ETHUSDT", "bids": [[3873.53, 0.006], [3873.52, 1753.526], [3873.19, 7.501], [3873.18, 205.905], [3873.15, 103.18]], "asks": [[3875.78, 2566.144], [3875.79, 0.012], [3876.37, 8.113], [3883.68, 1572.766], [3883.69, 1288.019]]}
{"seq": 17, "timestamp": "2025-10-17T06:02:09.539000", "event_time": 1760652129539, "latency_ms": 59.76, "symbol": "ETHUSDT", "bids": [[3873.53, 0.006], [3873.52, 1753.526], [3873.19, 7.501], [3873.18, 205.905], [3873.15, 103.18]], "asks": [[3875.78, 2566.127], [3875.79, 0.029], [3876.37, 8.113], [3883.68, 1572.766], [3883.69, 1288.019]]}
{"seq": 18, "timestamp": "2025-10-17T06:02:09.812000", "event_time": 1760652129812, "latency_ms": 61.68, "symbol": "ETHUSDT", "bids": [[3873.53, 0.006], [3873.52, 1753.526], [3873.19, 7.501], [3873.18, 205.905], [3873.15, 103.18]], "asks": [[3875.78, 2566.127], [3875.79, 0.029], [3875.83, 0.02], [3876.37, 8.113], [3883.68, 1572.766]]}
{"seq": 19, "timestamp": "2025-10-17T06:02:10.137000", "event_time": 1760652130137, "latency_ms": 59.19, "symbol": "ETHUSDT", "bids": [[3873.53, 0.006], [3873.52, 1753.526], [3873.19, 7.501], [3873.18, 205.905], [3873.15, 103.18]], "asks": [[3875.77, 0.006], [3875.78, 2566.12], [3875.79, 0.036], [3875.83, 0.02], [3876.37, 8.113]]}
{"seq": 20, "timestamp": "2025-10-17T06:02:10.571000", "event_time": 1760652130571, "latency_ms": 62.55, "symbol": "ETHUSDT", "bids": [[3873.53, 0.014], [3873.52, 1753.526], [3873.19, 7.501], [3873.18, 205.905], [3873.15, 103.18]], "asks": [[3875.77, 0.006], [3875.78, 1290.009], [3875.79, 0.046], [3875.83, 0.02], [3876.37, 8.113]]}
{"seq": 21, "timestamp": "2025-10-17T06:02:10.844000", "event_time": 1760652130844, "latency_ms": 61.88, "symbol": "ETHUSDT", "bids": [[3873.53, 0.014], [3873.52, 1753.526], [3873.19, 7.501], [3873.18, 205.905], [3873.15, 103.18]], "asks": [[3875.77, 0.006], [3875.78, 1290.009], [3875.79, 0.046], [3875.83, 0.02], [3876.37, 8.113]]}
{"seq": 22, "timestamp": "2025-10-17T06:02:11.074000", "event_time": 1760652131074, "latency_ms": 61.32, "symbol": "ETHUSDT", "bids": [[3873.53, 0.02], [3873.52, 1753.526], [3873.19, 7.501], [3873.18, 205.905], [3873.15, 103.18]], "asks": [[3875.77, 0.006], [3875.78, 1290.008], [3875.79, 0.046], [3875.83, 0.02], [3875.92, 0.007]]}
{"seq": 23, "timestamp": "2025-10-17T06:02:11.546000", "event_time": 1760652131546, "latency_ms": 61.99, "symbol": "ETHUSDT", "bids": [[3873.53, 0.026], [3873.52, 1753.526], [3873.19, 7.501], [3873.18, 205.905], [3873.15, 103.18]], "asks": [[3875.79, 0.046], [3875.83, 0.02], [3875.9, 257.891], [3875.91, 515.788], [3875.92, 515.803]]}
{"seq": 24, "timestamp": "2025-10-17T06:02:11.657000", "event_time": 1760652131657, "latency_ms": 59.82, "symbol": "ETHUSDT", "bids": [[3873.53, 0.026], [3873.52, 1753.526], [3873.19, 7.501], [3873.18, 205.905], [3873.15, 103.18]], "asks": [[3875.79, 0.046], [3875.83, 0.02], [3875.89, 0.006], [3875.9, 257.891], [3875.91, 515.782]]}
{"seq": 25, "timestamp": "2025-10-17T06:02:11.814000", "event_time": 1760652131814, "latency_ms": 61.46, "symbol": "ETHUSDT", "bids": [[3873.53, 0.026], [3873.52, 1753.526], [3873.19, 7.501], [3873.18, 205.905], [3873.15, 103.18]], "asks": [[3875.79, 0.046], [3875.83, 0.02], [3875.89, 0.006], [3875.9, 257.891], [3875.91, 515.782]]}
{"seq": 26, "timestamp": "2025-10-17T06:02:12.089000", "event_time": 1760652132089, "latency_ms": 61.11, "symbol": "ETHUSDT", "bids": [[3873.53, 0.026], [3873.52, 1753.526], [3873.19, 7.501], [3873.18, 205.905], [3873.15, 103.18]], "asks": [[3875.83, 0.02], [3875.89, 0.006], [3875.9, 257.891], [3875.91, 1031.782], [3875.92, 1289.803]]}
{"seq": 27, "timestamp": "2025-10-17T06:02:12.552000", "event_time": 1760652132552, "latency_ms": 59.89, "symbol": "ETHUSDT", "bids": [[3873.52, 1753.294], [3873.19, 7.501], [3873.18, 205.905], [3873.15, 103.18], [3873.14, 104.079]], "asks": [[3875.83, 0.011], [3875.89, 0.006], [3875.92, 1547.803], [3875.93, 0.016], [3876.37, 8.113]]}
{"seq": 28, "timestamp": "2025-10-17T06:02:12.654000", "event_time": 1760652132654, "latency_ms": 60.78, "symbol": "ETHUSDT", "bids": [[3873.53, 0.006], [3873.52, 1753.294], [3873.19, 7.501], [3873.18, 205.905], [3873.15, 103.18]], "asks": [[3875.83, 0.011], [3875.91, 0.012], [3875.92, 2579.803], [3875.93, 0.016], [3876.37, 8.113]]}
{"seq": 29, "timestamp": "2025-10-17T06:02:12.824000", "event_time": 1760652132824, "latency_ms": 60.06, "symbol": "ETHUSDT", "bids": [[3873.53, 0.006], [3873.52, 1753.294], [3873.19, 7.501], [3873.18, 205.905], [3873.15, 103.18]], "asks": [[3875.88, 0.02], [3875.91, 0.012], [3875.92, 2579.803], [3875.93, 0.016], [3876.37, 8.113]]}
{"seq": 30, "timestamp": "2025-10-17T06:02:13.068000", "event_time": 1760652133068, "latency_ms": 60.03, "symbol": "ETHUSDT", "bids": [[3873.53, 0.006], [3873.52, 1753.294], [3873.48, 0.029], [3873.19, 7.501], [3873.18, 205.905]], "asks": [[3875.88, 0.012], [3875.91, 0.012], [3875.92, 1547.796], [3875.93, 0.016], [3876.21, 516.008]]}
{"seq": 31, "timestamp": "2025-10-17T06:02:13.184000", "event_time": 1760652133184, "latency_ms": 60.39, "symbol": "ETHUSDT", "bids": [[3873.53, 0.006], [3873.52, 1753.294], [3873.48, 0.029], [3873.19, 7.501], [3873.18, 205.905]], "asks": [[3875.88, 0.012], [3875.91, 0.012], [3875.92, 1547.796], [3875.93, 0.016], [3876.21, 1290.008]]}
{"seq": 32, "timestamp": "2025-10-17T06:02:13.336000", "event_time": 1760652133336, "latency_ms": 61.07, "symbol": "ETHUSDT", "bids": [[3873.53, 0.006], [3873.52, 1753.294], [3873.48, 0.029], [3873.19, 7.501], [3873.18, 205.905]], "asks": [[3875.91, 0.012], [3875.92, 1547.796], [3875.93, 0.036], [3876.21, 1290.008], [3876.37, 8.113]]}
{"seq": 33, "timestamp": "2025-10-17T06:02:13.482000", "event_time": 1760652133482, "latency_ms": 60.64, "symbol": "ETHUSDT", "bids": [[3873.53, 0.006], [3873.52, 1753.294], [3873.48, 0.029], [3873.19, 7.501], [3873.18, 205.905]], "asks": [[3875.91, 0.006], [3875.93, 0.02], [3876.21, 2580.016], [3876.37, 8.113], [3883.68, 1572.766]]}
{"seq": 34, "timestamp": "2025-10-17T06:02:13.608000", "event_time": 1760652133608, "latency_ms": 60.79, "symbol": "ETHUSDT", "bids": [[3873.53, 0.006], [3873.52, 1753.294], [3873.48, 0.037], [3873.19, 7.501], [3873.18, 205.905]], "asks": [[3875.93, 0.01], [3876.2, 0.006], [3876.21, 2580.026], [3876.37, 8.113], [3883.68, 1572.766]]}
{"seq": 35, "timestamp": "2025-10-17T06:02:13.756000", "event_time": 1760652133756, "latency_ms": 61.0, "symbol": "ETHUSDT", "bids": [[3873.53, 0.006], [3873.52, 1753.294], [3873.48, 0.037], [3873.19, 7.501], [3873.18, 205.905]], "asks": [[3875.96, 0.02], [3876.2, 0.006], [3876.21, 2580.026], [3876.37, 8.113], [3883.68, 1572.766]]}
{"seq": 36, "timestamp": "2025-10-17T06:02:13.888000", "event_time": 1760652133888, "latency_ms": 60.91, "symbol": "ETHUSDT", "bids": [[3873.53, 0.006], [3873.52, 1753.294], [3873.48, 0.037], [3873.19, 7.501], [3873.18, 205.905]], "asks": [[3875.96, 0.02], [3876.2, 0.006], [3876.21, 2580.026], [3876.37, 8.113], [3883.68, 1572.766]]}
{"seq": 37, "timestamp": "2025-10-17T06:02:14.042000", "event_time": 1760652134042, "latency_ms": 64.58, "symbol": "ETHUSDT", "bids": [[3873.53, 0.006], [3873.52, 1753.294], [3873.48, 0.037], [3873.19, 7.501], [3873.18, 205.905]], "asks": [[3876.01, 0.026], [3876.2, 0.013], [3876.21, 2580.026], [3876.37, 8.113], [3883.68, 1572.766]]}
{"seq": 38, "timestamp": "2025-10-17T06:02:14.315000", "event_time": 1760652134315, "latency_ms": 60.37, "symbol": "ETHUSDT", "bids": [[3873.53, 0.006], [3873.52, 1753.294], [3873.48, 0.02], [3873.19, 7.501], [3873.18, 205.905]], "asks": [[3876.01, 0.026], [3876.2, 0.013], [3876.21, 2580.026], [3876.37, 8.113], [3883.68, 1572.766]]}
{"seq": 39, "timestamp": "2025-10-17T06:02:14.529000", "event_time": 1760652134529, "latency_ms": 61.52, "symbol": "ETHUSDT", "bids": [[3873.53, 0.006], [3873.52, 1753.294], [3873.48, 0.02], [3873.19, 7.501], [3873.18, 205.905]], "asks": [[3876.01, 0.017], [3876.2, 0.022], [3876.21, 2580.026], [3876.37, 8.113], [3883.68, 1572.766]]}
{"seq": 40, "timestamp": "2025-10-17T06:02:14.802000", "event_time": 1760652134802, "latency_ms": 59.7, "symbol": "ETHUSDT", "bids": [[3873.53, 0.006], [3873.52, 1753.294], [3873.48, 0.02], [3873.19, 7.501], [3873.18, 205.905]], "asks": [[3876.2, 0.022], [3876.21, 2580.026], [3876.37, 8.113], [3883.68, 1572.766], [3883.69, 1288.019]]}
{"seq": 41, "timestamp": "2025-10-17T06:02:15.071000", "event_time": 1760652135071, "latency_ms": 60.44, "symbol": "ETHUSDT", "bids": [[3873.53, 0.006], [3873.52, 1753.294], [3873.48, 0.02], [3873.19, 7.501], [3873.18, 205.905]], "asks": [[3876.2, 0.022], [3876.21, 2580.026], [3876.37, 8.113], [3883.68, 1572.766], [3883.69, 1288.019]]}
{"seq": 42, "timestamp": "2025-10-17T06:02:16.483000", "event_time": 1760652136483, "latency_ms": 61.6, "symbol": "ETHUSDT", "bids": [[3873.52, 1752.3], [3873.48, 0.02], [3873.19, 7.501], [3873.18, 205.905], [3873.15, 103.18]], "asks": [[3876.2, 0.022], [3876.21, 2580.026], [3876.37, 8.113], [3883.68, 1572.766], [3883.69, 1288.019]]}
{"seq": 43, "timestamp": "2025-10-17T06:02:17.365000", "event_time": 1760652137365, "latency_ms": 61.9, "symbol": "ETHUSDT", "bids": [[3873.52, 1752.3], [3873.48, 0.02], [3873.19, 7.501], [3873.18, 205.905], [3873.15, 103.18]], "asks": [[3876.2, 0.011], [3876.21, 2580.026], [3876.28, 0.011], [3876.37, 8.113], [3883.68, 1572.766]]}
{"seq": 44, "timestamp": "2025-10-17T06:02:17.518000", "event_time": 1760652137518, "latency_ms": 60.05, "symbol": "ETHUSDT", "bids": [[3873.52, 1752.3], [3873.48, 0.02], [3873.19, 7.501], [3873.18, 205.905], [3873.15, 103.18]], "asks": [[3876.21, 2064.011], [3876.28, 0.018], [3876.37, 8.113], [3883.68, 1572.766], [3883.69, 1288.019]]}
{"seq": 45, "timestamp": "2025-10-17T06:02:17.622000", "event_time": 1760652137622, "latency_ms": 61.14, "symbol": "ETHUSDT", "bids": [[3873.52, 1752.3], [3873.47, 0.02], [3873.19, 7.501], [3873.18, 205.905], [3873.15, 103.18]], "asks": [[3876.21, 2064.011], [3876.28, 0.025], [3876.37, 8.113], [3883.68, 1572.766], [3883.69, 1288.019]]}
{"seq": 1, "timestamp": "2025-10-17T06:07:32.803000", "event_time": 1760652452803, "latency_ms": 61.68, "symbol": "ETHUSDT", "bids": [[3875.16, 0.006], [3875.15, 402.859], [3875.12, 142.913], [3875.11, 567.946], [3875.09, 140.795]], "asks": [[3880.67, 0.972], [3880.68, 994.724], [3880.72, 0.02], [3880.81, 1545.623], [3881.01, 2576.019]]}
{"seq": 2, "timestamp": "2025-10-17T06:07:33.063000", "event_time": 1760652453063, "latency_ms": 61.54, "symbol": "ETHUSDT", "bids": [[3875.12, 0.006], [3875.11, 567.94], [3875.09, 140.795], [3875.07, 143.089], [3875.0, 1307.242]], "asks": [[3880.67, 0.978], [3880.68, 994.724], [3880.72, 0.02], [3880.81, 1545.623], [3881.01, 2576.019]]}
{"seq": 3, "timestamp": "2025-10-17T06:07:33.171000", "event_time": 1760652453171, "latency_ms": 61.16, "symbol": "ETHUSDT", "bids": [[3875.12, 0.006], [3875.11, 425.046], [3875.09, 140.795], [3875.07, 143.089], [3875.0, 1307.242]], "asks": [[3880.67, 0.978], [3880.68, 994.724], [3880.72, 0.02], [3880.81, 1545.623], [3881.01, 2576.019]]}
{"seq": 4, "timestamp": "2025-10-17T06:07:33.384000", "event_time": 1760652453384, "latency_ms": 60.66, "symbol": "ETHUSDT", "bids": [[3875.12, 0.006], [3875.11, 425.046], [3875.09, 140.795], [3875.07, 143.089], [3875.0, 1307.242]], "asks": [[3880.67, 0.978], [3880.68, 994.724], [3880.72, 0.02], [3880.81, 1545.623], [3881.01, 2576.019]]}
{"seq": 5, "timestamp": "2025-10-17T06:07:35.711000", "event_time": 1760652455711, "latency_ms": 60.69, "symbol": "ETHUSDT", "bids": [[3875.0, 1307.235], [3874.85, 118.616], [3874.83, 1299.884], [3874.82, 5463.174], [3874.81, 2605.08]], "asks": [[3880.67, 0.978], [3880.68, 994.724], [3880.72, 0.02], [3880.81, 1545.623], [3881.01, 2576.019]]}
{"seq": 6, "timestamp": "2025-10-17T06:07:35.887000", "event_time": 1760652455887, "latency_ms": 63.41, "symbol": "ETHUSDT", "bids": [[3875.0, 0.95], [3874.83, 1299.884], [3874.82, 5463.174], [3874.81, 3643.495], [3874.79, 117.464]], "asks": [[3880.67, 0.978], [3880.68, 994.724], [3880.72, 0.02], [3880.81, 1545.623], [3881.01, 2576.019]]}
{"seq": 7, "timestamp": "2025-10-17T06:07:35.992000", "event_time": 1760652455992, "latency_ms": 61.36, "symbol": "ETHUSDT", "bids": [[3875.0, 0.95], [3874.83, 260.429], [3874.82, 5463.174], [3874.81, 3904.998], [3874.79, 117.464]], "asks": [[3880.67, 0.978], [3880.68, 994.724], [3880.72, 0.02], [3880.81, 1545.623], [3881.01, 2576.019]]}
{"seq": 8, "timestamp": "2025-10-17T06:07:36.103000", "event_time": 1760652456103, "latency_ms": 60.16, "symbol": "ETHUSDT", "bids": [[3875.0, 0.937], [3874.82, 5463.174], [3874.81, 5204.887], [3874.79, 117.464], [3874.63, 116.741]], "asks": [[3880.67, 0.978], [3880.68, 994.724], [3880.72, 0.02], [3880.81, 1545.623], [3881.01, 2576.019]]}
{"seq": 9, "timestamp": "2025-10-17T06:07:38.646000", "event_time": 1760652458646, "latency_ms": 61.4, "symbol": "ETHUSDT", "bids": [[3875.0, 0.937], [3874.82, 5463.174], [3874.81, 5204.887], [3874.79, 117.464], [3874.63, 116.741]], "asks": [[3880.67, 0.978], [3880.68, 994.724], [3880.72, 0.02], [3880.81, 1545.623], [3881.01, 2576.019]]}
{"seq": 10, "timestamp": "2025-10-17T06:07:38.871000", "event_time": 1760652458871, "latency_ms": 60.75, "symbol": "ETHUSDT", "bids": [[3875.0, 0.937], [3874.82, 5463.174], [3874.81, 5204.887], [3874.79, 117.464], [3874.63, 116.741]], "asks": [[3880.67, 0.978], [3880.68, 994.724], [3880.72, 0.02], [3880.81, 1545.623], [3881.01, 2576.019]]}
{"seq": 11, "timestamp": "2025-10-17T06:07:39.056000", "event_time": 1760652459056, "latency_ms": 67.39, "symbol": "ETHUSDT", "bids": [[3875.0, 0.937], [3874.82, 5463.174], [3874.81, 5204.887], [3874.79, 117.464], [3874.63, 116.741]], "asks": [[3880.67, 0.978], [3880.68, 994.724], [3880.72, 0.02], [3880.81, 1545.623], [3881.01, 2576.019]]}
{"seq": 12, "timestamp": "2025-10-17T06:07:39.329000", "event_time": 1760652459329, "latency_ms": 60.23, "symbol": "ETHUSDT", "bids": [[3875.0, 0.937], [3874.82, 5463.174], [3874.81, 5204.887], [3874.79, 117.464], [3874.63, 116.741]], "asks": [[3880.67, 0.978], [3880.68, 994.724], [3880.72, 0.02], [3880.81, 1545.623], [3881.01, 2576.019]]}
{"seq": 13, "timestamp": "2025-10-17T06:07:41.521000", "event_time": 1760652461521, "latency_ms": 61.7, "symbol": "ETHUSDT", "bids": [[3875.0, 0.937], [3874.82, 5463.174], [3874.81, 5204.887], [3874.79, 117.464], [3874.63, 116.741]], "asks": [[3880.67, 0.978], [3880.68, 994.724], [3880.72, 0.02], [3880.81, 1545.623], [3881.01, 2576.019]]}
{"seq": 14, "timestamp": "2025-10-17T06:07:43.711000", "event_time": 1760652463711, "latency_ms": 61.33, "symbol": "ETHUSDT", "bids": [[3875.0, 0.937], [3874.82, 5463.174], [3874.81, 5204.887], [3874.79, 117.464], [3874.63, 116.741]], "asks": [[3880.67, 0.978], [3880.68, 994.724], [3880.72, 0.02], [3880.81, 1545.623], [3881.01, 2576.019]]}
{"seq": 15, "timestamp": "2025-10-17T06:07:43.916000", "event_time": 1760652463916, "latency_ms": 61.18, "symbol": "ETHUSDT", "bids": [[3875.0, 0.937], [3874.82, 5463.174], [3874.81, 5204.887], [3874.79, 117.464], [3874.63, 116.741]], "asks": [[3880.67, 0.978], [3880.68, 994.724], [3880.72, 0.02], [3880.81, 1545.623], [3881.01, 2576.019]]}
{"seq": 16, "timestamp": "2025-10-17T06:07:44.087000", "event_time": 1760652464087, "latency_ms": 61.5, "symbol": "ETHUSDT", "bids": [[3875.0, 0.937], [3874.82, 5463.174], [3874.81, 5204.887], [3874.79, 117.464], [3874.63, 116.741]], "asks": [[3880.67, 0.978], [3880.68, 994.724], [3880.72, 0.02], [3880.81, 1545.623], [3881.01, 2576.019]]}
{"seq": 17, "timestamp": "2025-10-17T06:07:44.355000", "event_time": 1760652464355, "latency_ms": 61.36, "symbol": "ETHUSDT", "bids": [[3875.0, 0.937], [3874.82, 5463.174], [3874.81, 5204.887], [3874.79, 117.464], [3874.63, 116.741]], "asks": [[3880.67, 0.978], [3880.68, 994.724], [3880.72, 0.02], [3880.81, 1545.623], [3881.01, 2576.019]]}
{"seq": 18, "timestamp": "2025-10-17T06:07:46.482000", "event_time": 1760652466482, "latency_ms": 60.68, "symbol": "ETHUSDT", "bids": [[3875.0, 0.937], [3874.82, 5463.174], [3874.81, 5204.887], [3874.79, 117.464], [3874.63, 116.741]], "asks": [[3880.67, 0.978], [3880.68, 994.724], [3880.72, 0.02], [3880.81, 1545.623], [3881.01, 2576.019]]}
{"seq": 19, "timestamp": "2025-10-17T06:07:48.968000", "event_time": 1760652468968, "latency_ms": 61.2, "symbol": "ETHUSDT", "bids": [[3875.0, 0.937], [3874.82, 5463.174], [3874.81, 5204.887], [3874.79, 117.464], [3874.63, 116.741]], "asks": [[3880.67, 0.978], [3880.68, 994.724], [3880.72, 0.02], [3880.81, 1545.623], [3881.01, 2576.019]]}
{"seq": 20, "timestamp": "2025-10-17T06:07:49.126000", "event_time": 1760652469126, "latency_ms": 60.08, "symbol": "ETHUSDT", "bids": [[3875.0, 0.937], [3874.82, 5463.174], [3874.81, 5204.887], [3874.79, 117.464], [3874.63, 116.741]], "asks": [[3880.67, 0.978], [3880.68, 994.724], [3880.72, 0.02], [3880.81, 1545.623], [3881.01, 2576.019]]}
{"seq": 21, "timestamp": "2025-10-17T06:07:49.240000", "event_time": 1760652469240, "latency_ms": 59.94, "symbol": "ETHUSDT", "bids": [[3875.0, 0.937], [3874.82, 5463.174], [3874.81, 5204.887], [3874.79, 117.464], [3874.63, 116.741]], "asks": [[3880.67, 0.978], [3880.68, 994.724], [3880.72, 0.02], [3880.81, 1545.623], [3881.01, 2576.019]]}
{"seq": 22, "timestamp": "2025-10-17T06:07:50.485000", "event_time": 1760652470485, "latency_ms": 61.18, "symbol": "ETHUSDT", "bids": [[3875.0, 0.937], [3874.82, 5463.174], [3874.81, 5204.887], [3874.79, 117.464], [3874.63, 116.741]], "asks": [[3880.67, 0.129], [3880.68, 994.724], [3880.72, 0.02], [3880.81, 1545.623], [3881.01, 2576.019]]}
{"seq": 23, "timestamp": "2025-10-17T06:07:50.757000", "event_time": 1760652470757, "latency_ms": 61.38, "symbol": "ETHUSDT", "bids": [[3875.0, 0.937], [3874.82, 5463.174], [3874.81, 5204.887], [3874.79, 117.464], [3874.63, 116.741]], "asks": [[3880.67, 0.129], [3880.68, 994.724], [3880.72, 0.02], [3880.81, 1545.623], [3881.01, 2576.019]]}
{"seq": 24, "timestamp": "2025-10-17T06:07:51.646000", "event_time": 1760652471646, "latency_ms": 63.37, "symbol": "ETHUSDT", "bids": [[3875.0, 0.088], [3874.82, 5463.174], [3874.81, 5204.887], [3874.79, 117.464], [3874.63, 116.741]], "asks": [[3880.67, 0.129], [3880.68, 994.724], [3880.72, 0.02], [3880.81, 1545.623], [3881.01, 2576.019]]}
{"seq": 25, "timestamp": "2025-10-17T06:07:52.058000", "event_time": 1760652472058, "latency_ms": 62.01, "symbol": "ETHUSDT", "bids": [[3875.0, 0.088], [3874.82, 5463.174], [3874.81, 5204.887], [3874.79, 117.464], [3874.63, 116.741]], "asks": [[3880.67, 0.129], [3880.68, 994.724], [3880.72, 0.02], [3880.81, 1545.623], [3881.01, 2576.019]]}
{"seq": 26, "timestamp": "2025-10-17T06:07:52.326000", "event_time": 1760652472326, "latency_ms": 61.08, "symbol": "ETHUSDT", "bids": [[3875.0, 0.088], [3874.82, 5463.174], [3874.81, 5204.887], [3874.79, 117.464], [3874.63, 116.741]], "asks": [[3880.67, 0.129], [3880.68, 994.724], [3880.72, 0.02], [3880.81, 1545.623], [3881.01, 2576.019]]}
{"seq": 27, "timestamp": "2025-10-17T06:07:53.845000", "event_time": 1760652473845, "latency_ms": 61.82, "symbol": "ETHUSDT", "bids": [[3875.0, 0.088], [3874.82, 5463.174], [3874.81, 5204.887], [3874.79, 117.464], [3874.63, 116.741]], "asks": [[3877.45, 0.007], [3880.67, 0.129], [3880.68, 994.724], [3880.72, 0.02], [3880.81, 1545.623]]}
{"seq": 28, "timestamp": "2025-10-17T06:07:54.840000", "event_time": 1760652474840, "latency_ms": 60.37, "symbol": "ETHUSDT", "bids": [[3875.0, 0.078], [3874.97, 0.01], [3874.82, 5463.174], [3874.81, 5204.887], [3874.79, 117.464]], "asks": [[3877.45, 0.007], [3880.67, 0.129], [3880.68, 994.724], [3880.72, 0.02], [3880.81, 1545.623]]}
{"seq": 29, "timestamp": "2025-10-17T06:07:55.125000", "event_time": 1760652475125, "latency_ms": 61.63, "symbol": "ETHUSDT", "bids": [[3875.0, 0.072], [3874.98, 0.006], [3874.97, 0.01], [3874.82, 5463.174], [3874.81, 5204.887]], "asks": [[3877.45, 0.007], [3877.5, 0.02], [3880.67, 0.129], [3880.68, 994.724], [3880.81, 1545.623]]}
{"seq": 30, "timestamp": "2025-10-17T06:07:57.830000", "event_time": 1760652477830, "latency_ms": 61.21, "symbol": "ETHUSDT", "bids": [[3875.0, 0.072], [3874.98, 0.006], [3874.97, 0.01], [3874.82, 5463.174], [3874.81, 5204.887]], "asks": [[3877.45, 0.007], [3877.5, 0.02], [3880.67, 0.129], [3880.68, 994.724], [3880.81, 1545.623]]}
{"seq": 31, "timestamp": "2025-10-17T06:07:58.094000", "event_time": 1760652478094, "latency_ms": 62.17, "symbol": "ETHUSDT", "bids": [[3875.0, 0.072], [3874.98, 0.006], [3874.97, 0.01], [3874.82, 5463.174], [3874.81, 5204.887]], "asks": [[3877.45, 0.007], [3877.5, 0.02], [3880.67, 0.129], [3880.68, 994.724], [3880.81, 1545.623]]}
{"seq": 32, "timestamp": "2025-10-17T06:08:00.389000", "event_time": 1760652480389, "latency_ms": 61.71, "symbol": "ETHUSDT", "bids": [[3875.0, 0.072], [3874.98, 0.006], [3874.97, 0.01], [3874.83, 0.006], [3874.82, 5463.174]], "asks": [[3877.45, 0.007], [3877.5, 0.02], [3880.67, 0.135], [3880.68, 994.724], [3880.81, 1545.623]]}
{"seq": 33, "timestamp": "2025-10-17T06:08:00.657000", "event_time": 1760652480657, "latency_ms": 61.44, "symbol": "ETHUSDT", "bids": [[3875.0, 0.002], [3874.98, 0.006], [3874.97, 0.01], [3874.83, 0.006], [3874.82, 5463.174]], "asks": [[3877.45, 0.007], [3877.5, 0.02], [3880.67, 0.135], [3880.68, 994.724], [3880.81, 1545.623]]}
{"seq": 1, "timestamp": "2025-10-17T06:20:17.618000", "symbol": "ETHUSDT", "bids": [[3865.94, 3695.389], [3865.18, 0.069], [3864.64, 945.778], [3864.58, 4125.074], [3864.5, 1308.278]], "asks": [[3865.95, 25.695], [3866.0, 0.02], [3868.26, 0.259], [3868.56, 0.007], [3868.59, 0.259]], "ts_recv": 1760653217676.475, "E": 1760653217618, "U": 76543005398, "u": 76543005399, "pu": null, "latency_event_ms": 58.48, "latency_pipeline_ms": 0.0}
{"seq": 2, "timestamp": "2025-10-17T06:20:19.318000", "symbol": "ETHUSDT", "bids": [[3865.94, 3695.389], [3865.18, 0.069], [3864.64, 945.778], [3864.58, 4125.074], [3864.5, 1308.278]], "asks": [[3865.95, 25.687], [3866.0, 0.02], [3868.26, 0.259], [3868.53, 258.4], [3868.54, 258.4]], "ts_recv": 1760653219378.072, "E": 1760653219318, "U": 76543011775, "u": 76543012023, "pu": 76543005399, "latency_event_ms": 60.07, "latency_pipeline_ms": 0.0}
{"seq": 3, "timestamp": "2025-10-17T06:20:22.190000", "symbol": "ETHUSDT", "bids": [[3865.94, 3695.389], [3865.18, 0.069], [3864.64, 945.778], [3864.58, 4125.074], [3864.5, 1308.278]], "asks": [[3865.95, 25.68], [3866.0, 0.02], [3868.51, 258.4], [3868.63, 258.4], [3868.65, 258.4]], "ts_recv": 1760653222250.612, "E": 1760653222190, "U": 76543027545, "u": 76543028064, "pu": 76543012023, "latency_event_ms": 60.61, "latency_pipeline_ms": 0.0}
{"seq": 4, "timestamp": "2025-10-17T06:20:22.458000", "symbol": "ETHUSDT", "bids": [[3865.94, 3695.389], [3865.18, 0.069], [3864.64, 945.778], [3864.58, 4125.074], [3864.5, 1308.278]], "asks": [[3865.95, 25.68], [3866.0, 0.02], [3868.51, 258.4], [3868.63, 258.4], [3868.65, 258.4]], "ts_recv": 1760653222518.914, "E": 1760653222458, "U": 76543029116, "u": 76543029122, "pu": 76543028064, "latency_event_ms": 60.91, "latency_pipeline_ms": 0.0}
{"seq": 5, "timestamp": "2025-10-17T06:20:23.705000", "symbol": "ETHUSDT", "bids": [[3865.94, 3695.389], [3865.18, 0.069], [3864.64, 945.778], [3864.58, 4125.074], [3864.5, 1308.278]], "asks": [[3868.5, 0.006], [3868.51, 258.305], [3868.63, 258.4], [3868.65, 258.4], [3869.24, 1292.035]], "ts_recv": 1760653223764.77, "E": 1760653223705, "U": 76543036999, "u": 76543037211, "pu": 76543029122, "latency_event_ms": 59.77, "latency_pipeline_ms": 0.0}
{"seq": 6, "timestamp": "2025-10-17T06:20:23.831000", "symbol": "ETHUSDT", "bids": [[3865.95, 0.006], [3865.94, 3695.389], [3865.18, 0.069], [3864.64, 945.778], [3864.58, 4125.074]], "asks": [[3868.5, 0.006], [3868.51, 258.305], [3868.63, 258.4], [3868.65, 258.4], [3869.24, 1292.035]], "ts_recv": 1760653223890.2869, "E": 1760653223831, "U": 76543037602, "u": 76543037602, "pu": 76543037211, "latency_event_ms": 59.29, "latency_pipeline_ms": 0.0}
{"seq": 7, "timestamp": "2025-10-17T06:20:23.971000", "symbol": "ETHUSDT", "bids": [[3865.95, 0.006], [3865.94, 3695.389], [3865.89, 0.024], [3865.18, 0.069], [3864.64, 945.778]], "asks": [[3868.5, 0.006], [3868.51, 258.305], [3868.63, 258.4], [3868.65, 258.4], [3869.24, 1292.035]], "ts_recv": 1760653224031.42, "E": 1760653223971, "U": 76543038513, "u": 76543038513, "pu": 76543037602, "latency_event_ms": 60.42, "latency_pipeline_ms": 0.0}
{"seq": 8, "timestamp": "2025-10-17T06:20:24.098000", "symbol": "ETHUSDT", "bids": [[3865.95, 0.006], [3865.94, 3695.389], [3865.89, 0.024], [3865.18, 0.069], [3864.64, 945.778]], "asks": [[3868.5, 0.006], [3868.51, 258.305], [3868.55, 0.02], [3868.63, 258.4], [3868.65, 258.4]], "ts_recv": 1760653224159.2468, "E": 1760653224098, "U": 76543039270, "u": 76543039270, "pu": 76543038513, "latency_event_ms": 61.25, "latency_pipeline_ms": 0.0}
{"seq": 9, "timestamp": "2025-10-17T06:20:24.901000", "symbol": "ETHUSDT", "bids": [[3865.95, 0.012], [3865.94, 3695.389], [3865.89, 0.024], [3865.18, 0.069], [3864.64, 945.778]], "asks": [[3868.5, 0.006], [3868.55, 0.02], [3869.24, 775.235], [3869.27, 1292.015], [3869.39, 52.331]], "ts_recv": 1760653224960.919, "E": 1760653224901, "U": 76543044051, "u": 76543044555, "pu": 76543039270, "latency_event_ms": 59.92, "latency_pipeline_ms": 0.0}
{"seq": 10, "timestamp": "2025-10-17T06:20:25.018000", "symbol": "ETHUSDT", "bids": [[3865.95, 0.012], [3865.94, 3695.389], [3865.89, 0.024], [3865.18, 0.069], [3864.64, 945.778]], "asks": [[3868.55, 0.011], [3869.23, 0.006], [3869.24, 775.235], [3869.27, 1292.015], [3869.39, 52.331]], "ts_recv": 1760653225078.1282, "E": 1760653225018, "U": 76543044699, "u": 76543045146, "pu": 76543044555, "latency_event_ms": 60.13, "latency_pipeline_ms": 0.0}
{"seq": 11, "timestamp": "2025-10-17T06:20:25.150000", "symbol": "ETHUSDT", "bids": [[3865.95, 0.012], [3865.94, 3695.389], [3865.9, 0.024], [3865.18, 0.069], [3864.64, 945.778]], "asks": [[3868.55, 0.011], [3869.24, 0.012], [3869.26, 0.006], [3869.27, 1292.015], [3869.39, 52.331]], "ts_recv": 1760653225210.423, "E": 1760653225150, "U": 76543045648, "u": 76543046197, "pu": 76543045146, "latency_event_ms": 60.42, "latency_pipeline_ms": 0.0}
{"seq": 12, "timestamp": "2025-10-17T06:20:25.357000", "symbol": "ETHUSDT", "bids": [[3865.95, 0.012], [3865.94, 3695.389], [3865.9, 0.024], [3865.18, 0.069], [3864.64, 945.778]], "asks": [[3868.6, 0.02], [3869.24, 0.012], [3869.26, 0.006], [3869.27, 1292.015], [3869.39, 52.331]], "ts_recv": 1760653225416.7249, "E": 1760653225357, "U": 76543047062, "u": 76543047064, "pu": 76543046197, "latency_event_ms": 59.73, "latency_pipeline_ms": 0.0}
{"seq": 13, "timestamp": "2025-10-17T06:20:25.632000", "symbol": "ETHUSDT", "bids": [[3865.95, 0.012], [3865.94, 3695.389], [3865.9, 0.033], [3865.18, 0.069], [3864.64, 945.778]], "asks": [[3868.6, 0.014], [3869.26, 0.006], [3869.27, 516.808], [3869.39, 52.331], [3869.41, 0.026]], "ts_recv": 1760653225692.162, "E": 1760653225632, "U": 76543048754, "u": 76543049117, "pu": 76543047064, "latency_event_ms": 60.16, "latency_pipeline_ms": 0.0}
{"seq": 14, "timestamp": "2025-10-17T06:20:25.901000", "symbol": "ETHUSDT", "bids": [[3865.95, 0.012], [3865.94, 3695.389], [3865.9, 0.033], [3865.18, 0.069], [3864.64, 945.778]], "asks": [[3868.65, 0.02], [3869.26, 0.006], [3869.27, 516.808], [3869.39, 52.331], [3869.41, 0.026]], "ts_recv": 1760653225961.2578, "E": 1760653225901, "U": 76543050188, "u": 76543050191, "pu": 76543049117, "latency_event_ms": 60.26, "latency_pipeline_ms": 0.0}
{"seq": 15, "timestamp": "2025-10-17T06:20:26.173000", "symbol": "ETHUSDT", "bids": [[3865.95, 0.012], [3865.94, 3695.389], [3865.9, 0.039], [3865.18, 0.069], [3864.64, 945.778]], "asks": [[3868.65, 0.008], [3869.26, 0.006], [3869.41, 0.011], [3869.5, 2586.017], [3869.69, 52.302]], "ts_recv": 1760653226231.148, "E": 1760653226173, "U": 76543051750, "u": 76543052468, "pu": 76543050191, "latency_event_ms": 58.15, "latency_pipeline_ms": 0.0}
{"seq": 16, "timestamp": "2025-10-17T06:20:26.475000", "symbol": "ETHUSDT", "bids": [[3865.95, 0.012], [3865.94, 3695.389], [3865.9, 0.039], [3865.18, 0.069], [3864.64, 945.778]], "asks": [[3868.7, 0.029], [3869.26, 0.006], [3869.41, 0.011], [3869.5, 2586.017], [3869.69, 52.302]], "ts_recv": 1760653226534.002, "E": 1760653226475, "U": 76543053654, "u": 76543053655, "pu": 76543052468, "latency_event_ms": 59.0, "latency_pipeline_ms": 0.0}
{"seq": 17, "timestamp": "2025-10-17T06:20:26.744000", "symbol": "ETHUSDT", "bids": [[3865.95, 0.012], [3865.94, 3695.389], [3865.9, 0.02], [3865.18, 0.069], [3864.64, 945.778]], "asks": [[3868.7, 0.029], [3869.26, 0.006], [3869.41, 0.011], [3869.5, 2586.017], [3869.69, 52.302]], "ts_recv": 1760653226803.067, "E": 1760653226744, "U": 76543055215, "u": 76543055218, "pu": 76543053655, "latency_event_ms": 59.07, "latency_pipeline_ms": 0.0}
{"seq": 18, "timestamp": "2025-10-17T06:20:28.168000", "symbol": "ETHUSDT", "bids": [[3865.95, 0.012], [3865.94, 3695.389], [3865.9, 0.02], [3865.18, 0.069], [3864.64, 945.778]], "asks": [[3869.5, 1803.785], [3869.69, 52.302], [3869.79, 1292.013], [3869.8, 1292.012], [3872.36, 1029.774]], "ts_recv": 1760653228226.572, "E": 1760653228168, "U": 76543064417, "u": 76543064988, "pu": 76543055218, "latency_event_ms": 58.57, "latency_pipeline_ms": 0.0}
{"seq": 19, "timestamp": "2025-10-17T06:20:28.290000", "symbol": "ETHUSDT", "bids": [[3865.95, 0.012], [3865.94, 3695.389], [3865.9, 0.02], [3865.18, 0.069], [3864.64, 945.778]], "asks": [[3869.5, 517.209], [3869.62, 258.4], [3869.63, 258.4], [3869.66, 258.4], [3869.67, 258.4]], "ts_recv": 1760653228348.428, "E": 1760653228290, "U": 76543065284, "u": 76543065497, "pu": 76543064988, "latency_event_ms": 58.43, "latency_pipeline_ms": 0.0}
{"seq": 20, "timestamp": "2025-10-17T06:20:28.436000", "symbol": "ETHUSDT", "bids": [[3865.95, 0.012], [3865.94, 3695.389], [3865.9, 0.02], [3865.18, 0.069], [3864.64, 945.778]], "asks": [[3868.75, 0.029], [3869.5, 517.209], [3869.62, 258.4], [3869.63, 258.4], [3869.66, 258.4]], "ts_recv": 1760653228495.582, "E": 1760653228436, "U": 76543066039, "u": 76543066039, "pu": 76543065497, "latency_event_ms": 59.58, "latency_pipeline_ms": 0.0}
{"seq": 21, "timestamp": "2025-10-17T06:20:28.653000", "symbol": "ETHUSDT", "bids": [[3865.95, 0.012], [3865.94, 3695.389], [3865.9, 0.02], [3865.18, 0.069], [3864.64, 945.778]], "asks": [[3868.75, 0.02], [3869.32, 0.009], [3869.5, 517.209], [3869.62, 258.4], [3869.63, 258.4]], "ts_recv": 1760653228713.1082, "E": 1760653228653, "U": 76543067379, "u": 76543067629, "pu": 76543066039, "latency_event_ms": 60.11, "latency_pipeline_ms": 0.0}
{"seq": 22, "timestamp": "2025-10-17T06:20:28.851000", "symbol": "ETHUSDT", "bids": [[3865.94, 3695.389], [3865.9, 0.02], [3865.18, 0.069], [3864.64, 945.778], [3864.58, 4125.074]], "asks": [[3865.95, 25.792], [3869.32, 0.009], [3869.5, 517.209], [3869.62, 258.4], [3869.63, 258.4]], "ts_recv": 1760653228910.717, "E": 1760653228851, "U": 76543068225, "u": 76543068493, "pu": 76543067629, "latency_event_ms": 59.72, "latency_pipeline_ms": 0.0}
{"seq": 23, "timestamp": "2025-10-17T06:20:29.085000", "symbol": "ETHUSDT", "bids": [[3865.94, 3695.389], [3865.89, 0.02], [3865.18, 0.069], [3864.64, 945.778], [3864.58, 4125.074]], "asks": [[3865.95, 25.777], [3869.32, 0.009], [3869.5, 517.209], [3869.62, 258.4], [3869.63, 258.4]], "ts_recv": 1760653229143.987, "E": 1760653229085, "U": 76543069476, "u": 76543069587, "pu": 76543068493, "latency_event_ms": 58.99, "latency_pipeline_ms": 1.0}
{"seq": 24, "timestamp": "2025-10-17T06:20:29.329000", "symbol": "ETHUSDT", "bids": [[3865.94, 3695.389], [3865.89, 0.02], [3865.18, 0.069], [3864.64, 945.778], [3864.58, 4125.074]], "asks": [[3865.95, 25.777], [3869.24, 51.611], [3869.32, 0.024], [3869.5, 517.209], [3869.62, 258.4]], "ts_recv": 1760653229389.7131, "E": 1760653229329, "U": 76543070380, "u": 76543070813, "pu": 76543069587, "latency_event_ms": 60.71, "latency_pipeline_ms": 0.0}
{"seq": 25, "timestamp": "2025-10-17T06:20:29.444000", "symbol": "ETHUSDT", "bids": [[3865.94, 3695.389], [3865.89, 0.02], [3865.18, 0.069], [3864.64, 945.778], [3864.58, 4125.074]], "asks": [[3865.95, 25.777], [3869.19, 51.611], [3869.24, 51.611], [3869.32, 0.024], [3869.35, 51.611]], "ts_recv": 1760653229503.5042, "E": 1760653229444, "U": 76543071035, "u": 76543071273, "pu": 76543070813, "latency_event_ms": 59.5, "latency_pipeline_ms": 0.0}
{"seq": 26, "timestamp": "2025-10-17T06:20:31.460000", "symbol": "ETHUSDT", "bids": [[3865.94, 3695.389], [3865.89, 0.02], [3865.18, 0.069], [3864.64, 945.778], [3864.58, 4125.074]], "asks": [[3865.95, 25.768], [3868.89, 248.009], [3869.2, 248.009], [3869.22, 248.009], [3869.31, 0.009]], "ts_recv": 1760653231520.231, "E": 1760653231460, "U": 76543080748, "u": 76543081129, "pu": 76543071273, "latency_event_ms": 60.23, "latency_pipeline_ms": 0.0}
{"seq": 27, "timestamp": "2025-10-17T06:20:31.594000", "symbol": "ETHUSDT", "bids": [[3865.94, 3695.389], [3865.89, 0.02], [3865.18, 0.069], [3864.64, 945.778], [3864.58, 4125.074]], "asks": [[3865.95, 25.758], [3869.0, 248.009], [3869.03, 248.009], [3869.13, 248.009], [3869.2, 248.009]], "ts_recv": 1760653231652.879, "E": 1760653231594, "U": 76543081347, "u": 76543081670, "pu": 76543081129, "latency_event_ms": 58.88, "latency_pipeline_ms": 0.0}
{"seq": 28, "timestamp": "2025-10-17T06:20:31.726000", "symbol": "ETHUSDT", "bids": [[3865.94, 3695.389], [3865.89, 0.02], [3865.18, 0.069], [3864.64, 945.778], [3864.58, 4125.074]], "asks": [[3865.95, 25.758], [3869.0, 248.009], [3869.03, 248.009], [3869.13, 248.009], [3869.2, 248.009]], "ts_recv": 1760653231785.393, "E": 1760653231726, "U": 76543081789, "u": 76543081790, "pu": 76543081670, "latency_event_ms": 59.39, "latency_pipeline_ms": 1.0}
{"seq": 29, "timestamp": "2025-10-17T06:20:32.095000", "symbol": "ETHUSDT", "bids": [[3865.94, 3695.389], [3865.89, 0.02], [3865.18, 0.069], [3864.64, 945.778], [3864.58, 4125.074]], "asks": [[3865.95, 25.751], [3869.31, 0.026], [3869.32, 248.033], [3869.34, 248.009], [3869.35, 51.611]], "ts_recv": 1760653232154.539, "E": 1760653232095, "U": 76543082647, "u": 76543082821, "pu": 76543081790, "latency_event_ms": 59.54, "latency_pipeline_ms": 0.0}
{"seq": 30, "timestamp": "2025-10-17T06:20:32.285000", "symbol": "ETHUSDT", "bids": [[3865.94, 3695.389], [3865.89, 0.02], [3865.18, 0.069], [3864.64, 945.778], [3864.58, 4125.074]], "asks": [[3865.95, 25.751], [3868.43, 248.117], [3868.85, 248.117], [3869.05, 248.117], [3869.29, 248.117]], "ts_recv": 1760653232345.5999, "E": 1760653232285, "U": 76543083304, "u": 76543083568, "pu": 76543082821, "latency_event_ms": 60.6, "latency_pipeline_ms": 0.0}
{"seq": 31, "timestamp": "2025-10-17T06:20:32.550000", "symbol": "ETHUSDT", "bids": [[3865.94, 3695.389], [3865.89, 0.02], [3865.18, 0.069], [3864.64, 945.778], [3864.58, 4125.074]], "asks": [[3865.95, 25.744], [3868.92, 258.6], [3869.02, 258.6], [3869.03, 258.6], [3869.05, 258.6]], "ts_recv": 1760653232610.006, "E": 1760653232550, "U": 76543084119, "u": 76543084342, "pu": 76543083568, "latency_event_ms": 60.01, "latency_pipeline_ms": 0.0}
{"seq": 32, "timestamp": "2025-10-17T06:20:33.070000", "symbol": "ETHUSDT", "bids": [[3865.94, 3695.389], [3865.89, 0.02], [3865.18, 0.069], [3864.64, 945.778], [3864.58, 4125.074]], "asks": [[3865.95, 25.736], [3868.92, 258.6], [3869.02, 258.6], [3869.03, 258.6], [3869.05, 258.6]], "ts_recv": 1760653233130.124, "E": 1760653233070, "U": 76543085760, "u": 76543086199, "pu": 76543084342, "latency_event_ms": 60.12, "latency_pipeline_ms": 0.0}
{"seq": 33, "timestamp": "2025-10-17T06:20:33.178000", "symbol": "ETHUSDT", "bids": [[3865.94, 3695.389], [3865.89, 0.02], [3865.18, 0.069], [3864.64, 945.778], [3864.58, 4125.074]], "asks": [[3865.95, 25.736], [3868.79, 258.6], [3868.94, 258.6], [3869.12, 258.6], [3869.17, 258.6]], "ts_recv": 1760653233237.525, "E": 1760653233178, "U": 76543086251, "u": 76543086415, "pu": 76543086199, "latency_event_ms": 59.52, "latency_pipeline_ms": 1.0}
{"seq": 34, "timestamp": "2025-10-17T06:20:33.341000", "symbol": "ETHUSDT", "bids": [[3865.94, 3695.389], [3865.89, 0.02], [3865.18, 0.069], [3864.64, 945.778], [3864.58, 4125.074]], "asks": [[3865.95, 25.736], [3868.79, 258.6], [3868.94, 258.6], [3869.12, 258.6], [3869.17, 258.6]], "ts_recv": 1760653233400.272, "E": 1760653233341, "U": 76543086835, "u": 76543086836, "pu": 76543086415, "latency_event_ms": 59.27, "latency_pipeline_ms": 1.0}
{"seq": 35, "timestamp": "2025-10-17T06:20:33.511000", "symbol": "ETHUSDT", "bids": [[3865.94, 3695.389], [3865.89, 0.02], [3865.18, 0.069], [3864.64, 945.778], [3864.58, 4125.074]], "asks": [[3865.95, 25.727], [3869.12, 258.4], [3869.18, 516.8], [3869.25, 258.4], [3869.31, 0.041]], "ts_recv": 1760653233570.769, "E": 1760653233511, "U": 76543087548, "u": 76543087996, "pu": 76543086836, "latency_event_ms": 59.77, "latency_pipeline_ms": 0.0}
{"seq": 36, "timestamp": "2025-10-17T06:20:33.639000", "symbol": "ETHUSDT", "bids": [[3865.94, 3695.389], [3865.89, 0.02], [3865.18, 0.069], [3864.64, 945.778], [3864.58, 4125.074]], "asks": [[3865.95, 25.727], [3869.12, 258.4], [3869.18, 516.8], [3869.21, 258.4], [3869.25, 258.4]], "ts_recv": 1760653233699.0571, "E": 1760653233639, "U": 76543088336, "u": 76543088336, "pu": 76543087996, "latency_event_ms": 60.06, "latency_pipeline_ms": 0.0}
{"seq": 37, "timestamp": "2025-10-17T06:20:34.077000", "symbol": "ETHUSDT", "bids": [[3865.94, 3695.389], [3865.89, 0.02], [3865.18, 0.069], [3864.64, 945.778], [3864.58, 4125.074]], "asks": [[3865.95, 25.72], [3868.72, 258.4], [3868.96, 516.8], [3869.11, 258.4], [3869.31, 0.041]], "ts_recv": 1760653234135.782, "E": 1760653234077, "U": 76543090266, "u": 76543090798, "pu": 76543088336, "latency_event_ms": 58.78, "latency_pipeline_ms": 0.0}
{"seq": 38, "timestamp": "2025-10-17T06:20:34.186000", "symbol": "ETHUSDT", "bids": [[3865.94, 3695.389], [3865.89, 0.02], [3865.18, 0.069], [3864.64, 945.778], [3864.58, 4125.074]], "asks": [[3865.95, 25.72], [3868.72, 258.4], [3868.96, 516.8], [3869.03, 258.4], [3869.11, 258.4]], "ts_recv": 1760653234244.577, "E": 1760653234186, "U": 76543090828, "u": 76543090828, "pu": 76543090798, "latency_event_ms": 58.58, "latency_pipeline_ms": 1.0}
{"seq": 39, "timestamp": "2025-10-17T06:20:34.346000", "symbol": "ETHUSDT", "bids": [[3865.94, 3695.389], [3865.89, 0.02], [3865.18, 0.069], [3864.64, 945.778], [3864.58, 4125.074]], "asks": [[3865.95, 25.72], [3868.72, 258.4], [3868.96, 516.8], [3869.03, 258.4], [3869.11, 258.4]], "ts_recv": 1760653234406.2668, "E": 1760653234346, "U": 76543091504, "u": 76543091505, "pu": 76543090828, "latency_event_ms": 60.27, "latency_pipeline_ms": 0.0}
{"seq": 40, "timestamp": "2025-10-17T06:20:34.532000", "symbol": "ETHUSDT", "bids": [[3865.94, 3695.389], [3865.89, 0.02], [3865.18, 0.069], [3864.64, 945.778], [3864.58, 4125.074]], "asks": [[3865.95, 25.711], [3869.12, 148.829], [3869.19, 148.829], [3869.2, 148.829], [3869.32, 248.058]], "ts_recv": 1760653234590.323, "E": 1760653234532, "U": 76543092083, "u": 76543092438, "pu": 76543091505, "latency_event_ms": 58.32, "latency_pipeline_ms": 0.0}
{"seq": 41, "timestamp": "2025-10-17T06:20:34.652000", "symbol": "ETHUSDT", "bids": [[3865.94, 3695.389], [3865.89, 0.02], [3865.18, 0.069], [3864.64, 945.778], [3864.58, 4125.074]], "asks": [[3865.95, 25.711], [3869.05, 148.829], [3869.12, 148.829], [3869.19, 297.658], [3869.2, 148.829]], "ts_recv": 1760653234712.146, "E": 1760653234652, "U": 76543092494, "u": 76543092556, "pu": 76543092438, "latency_event_ms": 60.15, "latency_pipeline_ms": 0.0}
{"seq": 42, "timestamp": "2025-10-17T06:20:35.133000", "symbol": "ETHUSDT", "bids": [[3865.94, 3695.389], [3865.89, 0.02], [3865.18, 0.069], [3864.64, 945.778], [3864.58, 4125.074]], "asks": [[3865.95, 25.701], [3868.9, 148.829], [3869.03, 148.829], [3869.17, 148.829], [3869.32, 248.068]], "ts_recv": 1760653235192.603, "E": 1760653235133, "U": 76543094539, "u": 76543095123, "pu": 76543092556, "latency_event_ms": 59.6, "latency_pipeline_ms": 1.0}
{"seq": 43, "timestamp": "2025-10-17T06:20:35.254000", "symbol": "ETHUSDT", "bids": [[3865.94, 3695.389], [3865.89, 0.02], [3865.18, 0.069], [3864.64, 945.778], [3864.58, 4125.074]], "asks": [[3865.95, 25.701], [3868.9, 148.829], [3869.03, 148.829], [3869.06, 297.658], [3869.17, 148.829]], "ts_recv": 1760653235312.9512, "E": 1760653235254, "U": 76543095347, "u": 76543095620, "pu": 76543095123, "latency_event_ms": 58.95, "latency_pipeline_ms": 0.0}
{"seq": 44, "timestamp": "2025-10-17T06:20:35.402000", "symbol": "ETHUSDT", "bids": [[3865.94, 3695.389], [3865.89, 0.02], [3865.18, 0.069], [3864.64, 945.778], [3864.58, 4125.074]], "asks": [[3865.95, 25.701], [3868.9, 148.829], [3869.03, 148.829], [3869.06, 297.658], [3869.17, 148.829]], "ts_recv": 1760653235461.978, "E": 1760653235402, "U": 76543096580, "u": 76543096581, "pu": 76543095620, "latency_event_ms": 59.98, "latency_pipeline_ms": 0.0}
{"seq": 45, "timestamp": "2025-10-17T06:20:35.520000", "symbol": "ETHUSDT", "bids": [[3865.94, 3695.389], [3865.89, 0.02], [3865.18, 0.069], [3864.64, 945.778], [3864.58, 4125.074]], "asks": [[3865.95, 25.691], [3868.78, 148.908], [3868.96, 148.908], [3869.25, 297.816], [3869.32, 248.078]], "ts_recv": 1760653235579.97, "E": 1760653235520, "U": 76543097120, "u": 76543097729, "pu": 76543096581, "latency_event_ms": 59.97, "latency_pipeline_ms": 0.0}
{"seq": 46, "timestamp": "2025-10-17T06:20:36.084000", "symbol": "ETHUSDT", "bids": [[3865.94, 3695.389], [3865.89, 0.02], [3865.18, 0.069], [3864.64, 945.778], [3864.58, 4125.074]], "asks": [[3865.95, 25.682], [3869.09, 208.828], [3869.13, 208.828], [3869.17, 208.828], [3869.23, 208.828]], "ts_recv": 1760653236143.1528, "E": 1760653236084, "U": 76543100546, "u": 76543101929, "pu": 76543097729, "latency_event_ms": 59.15, "latency_pipeline_ms": 0.0}
{"seq": 47, "timestamp": "2025-10-17T06:20:36.356000", "symbol": "ETHUSDT", "bids": [[3865.94, 3695.389], [3865.89, 0.02], [3865.18, 0.069], [3864.64, 945.778], [3864.58, 4125.074]], "asks": [[3865.95, 25.682], [3869.09, 208.828], [3869.13, 208.828], [3869.17, 208.828], [3869.23, 208.828]], "ts_recv": 1760653236416.1438, "E": 1760653236356, "U": 76543103139, "u": 76543103140, "pu": 76543101929, "latency_event_ms": 60.14, "latency_pipeline_ms": 0.0}
{"seq": 48, "timestamp": "2025-10-17T06:20:36.543000", "symbol": "ETHUSDT", "bids": [[3865.94, 3695.389], [3865.89, 0.02], [3865.18, 0.069], [3864.64, 945.778], [3864.58, 4125.074]], "asks": [[3865.95, 25.675], [3869.11, 258.4], [3869.25, 258.4], [3869.32, 248.087], [3869.33, 148.908]], "ts_recv": 1760653236601.572, "E": 1760653236543, "U": 76543104399, "u": 76543105141, "pu": 76543103140, "latency_event_ms": 58.57, "latency_pipeline_ms": 0.0}
{"seq": 49, "timestamp": "2025-10-17T06:20:36.651000", "symbol": "ETHUSDT", "bids": [[3865.94, 3695.389], [3865.89, 0.02], [3865.18, 0.069], [3864.64, 945.778], [3864.58, 4125.074]], "asks": [[3865.95, 25.675], [3869.11, 258.4], [3869.25, 258.4], [3869.3, 258.4], [3869.32, 506.487]], "ts_recv": 1760653236710.403, "E": 1760653236651, "U": 76543105182, "u": 76543105222, "pu": 76543105141, "latency_event_ms": 59.4, "latency_pipeline_ms": 1.0}
