{"seq": 1, "timestamp": "2025-10-17T06:02:05.860000", "event_time": 1760652125860, "latency_ms": 60.74, "symbol": "ETHUSDT", "bids": [[3873.53, 0.006], [3873.52, 1753.526], [3873.19, 7.501], [3873.18, 205.905], [3873.15, 103.18]], "asks": [[3873.99, 0.024], [3874.0, 3.944], [3874.04, 0.02], [3874.39, 0.006], [3876.37, 8.113]]}
{"seq": 2, "timestamp": "2025-10-17T06:02:06.125000", "event_time": 1760652126125, "latency_ms": 59.25, "symbol": "ETHUSDT", "bids": [[3873.53, 0.006], [3873.52, 1753.526], [3873.19, 7.501], [3873.18, 205.905], [3873.15, 103.18]], "asks": [[3873.99, 0.013], [3874.0, 3.944], [3874.04, 0.02], [3874.38, 0.011], [3874.39, 0.006]]}
{"seq": 3, "timestamp": "2025-10-17T06:02:06.556000", "event_time": 1760652126556, "latency_ms": 61.0, "symbol": "ETHUSDT", "bids": [[3873.53, 0.006], [3873.52, 1753.526], [3873.19, 7.501], [3873.18, 205.905], [3873.15, 103.18]], "asks": [[3874.0, 3.944], [3874.04, 0.02], [3874.38, 0.02], [3874.39, 0.006], [3876.37, 8.113]]}
{"seq": 4, "timestamp": "2025-10-17T06:02:06.830000", "event_time": 1760652126830, "latency_ms": 59.78, "symbol": "ETHUSDT", "bids": [[3873.53, 0.006], [3873.52, 1753.526], [3873.19, 7.501], [3873.18, 205.905], [3873.15, 103.18]], "asks": [[3874.0, 3.944], [3874.04, 0.02], [3874.38, 0.02], [3874.39, 0.006], [3876.37, 8.113]]}
{"seq": 5, "timestamp": "2025-10-17T06:02:07.072000", "event_time": 1760652127072, "latency_ms": 60.7, "symbol": "ETHUSDT", "bids": [[3873.53, 0.006], [3873.52, 1753.526], [3873.19, 7.501], [3873.18, 205.905], [3873.15, 103.18]], "asks": [[3874.0, 3.937], [3874.04, 0.02], [3874.39, 256.494], [3874.58, 256.481], [3876.37, 8.113]]}
{"seq": 6, "timestamp": "2025-10-17T06:02:07.198000", "event_time": 1760652127198, "latency_ms": 61.23, "symbol": "ETHUSDT", "bids": [[3873.53, 0.006], [3873.52, 1753.526], [3873.19, 7.501], [3873.18, 205.905], [3873.15, 103.18]], "asks": [[3874.0, 3.937], [3874.04, 0.02], [3874.18, 256.481], [3874.39, 256.494], [3874.58, 256.481]]}
{"seq": 7, "timestamp": "2025-10-17T06:02:07.568000", "event_time": 1760652127568, "latency_ms": 60.8, "symbol": "ETHUSDT", "bids": [[3873.53, 0.006], [3873.52, 1753.526], [3873.19, 7.501], [3873.18, 205.905], [3873.15, 103.18]], "asks": [[3874.0, 3.929], [3874.04, 0.02], [3874.35, 256.481], [3874.39, 256.502], [3874.58, 256.481]]}
{"seq": 8, "timestamp": "2025-10-17T06:02:07.692000", "event_time": 1760652127692, "latency_ms": 61.67, "symbol": "ETHUSDT", "bids": [[3873.53, 0.006], [3873.52, 1753.526], [3873.19, 7.501], [3873.18, 205.905], [3873.15, 103.18]], "asks": [[3874.0, 3.929], [3874.04, 0.02], [3874.35, 256.481], [3874.39, 256.502], [3874.46, 256.481]]}
{"seq": 9, "timestamp": "2025-10-17T06:02:07.836000", "event_time": 1760652127836, "latency_ms": 60.74, "symbol": "ETHUSDT", "bids": [[3873.53, 0.006], [3873.52, 1753.526], [3873.19, 7.501], [3873.18, 205.905], [3873.15, 103.18]], "asks": [[3874.0, 3.929], [3874.05, 0.02], [3874.35, 256.481], [3874.39, 256.502], [3874.46, 256.481]]}
{"seq": 10, "timestamp": "2025-10-17T06:02:08.093000", "event_time": 1760652128093, "latency_ms": 61.2, "symbol": "ETHUSDT", "bids": [[3873.53, 0.006], [3873.52, 1753.526], [3873.19, 7.501], [3873.18, 205.905], [3873.15, 103.18]], "asks": [[3874.0, 3.922], [3874.05, 0.02], [3874.63, 256.481], [3874.65, 256.481], [3875.78, 0.007]]}
{"seq": 11, "timestamp": "2025-10-17T06:02:08.203000", "event_time": 1760652128203, "latency_ms": 61.1, "symbol": "ETHUSDT", "bids": [[3873.53, 0.006], [3873.52, 1753.526], [3873.19, 7.501], [3873.18, 205.905], [3873.15, 103.18]], "asks": [[3874.0, 3.922], [3874.05, 0.02], [3874.63, 256.481], [3874.65, 256.481], [3875.78, 1290.007]]}
{"seq": 12, "timestamp": "2025-10-17T06:02:08.584000", "event_time": 1760652128584, "latency_ms": 61.41, "symbol": "ETHUSDT", "bids": [[3873.53, 0.006], [3873.52, 1753.526], [3873.19, 7.501], [3873.18, 205.905], [3873.15, 103.18]], "asks": [[3874.0, 3.913], [3874.05, 0.02], [3875.78, 2322.016], [3876.37, 8.113], [3883.68, 1572.766]]}
{"seq": 13, "timestamp": "2025-10-17T06:02:08.693000", "event_time": 1760652128693, "latency_ms": 61.05, "symbol": "ETHUSDT", "bids": [[3873.53, 0.006], [3873.52, 1753.526], [3873.19, 7.501], [3873.18, 205.905], [3873.15, 103.18]], "asks": [[3874.0, 3.913], [3874.05, 0.02], [3875.78, 2580.016], [3876.37, 8.113], [3883.68, 1572.766]]}
{"seq": 14, "timestamp": "2025-10-17T06:02:08.854000", "event_time": 1760652128854, "latency_ms": 60.57, "symbol": "ETHUSDT", "bids": [[3873.53, 0.006], [3873.52, 1753.526], [3873.19, 7.501], [3873.18, 205.905], [3873.15, 103.18]], "asks": [[3874.0, 3.913], [3874.05, 0.02], [3875.78, 2580.016], [3876.37, 8.113], [3883.68, 1572.766]]}
{"seq": 15, "timestamp": "2025-10-17T06:02:09.140000", "event_time": 1760652129140, "latency_ms": 60.32, "symbol": "ETHUSDT", "bids": [[3873.53, 0.006], [3873.52, 1753.526], [3873.19, 7.501], [3873.18, 205.905], [3873.15, 103.18]], "asks": [[3875.78, 2566.144], [3876.37, 8.113], [3883.68, 1572.766], [3883.69, 1288.019], [3883.78, 0.258]]}
{"seq": 16, "timestamp": "2025-10-17T06:02:09.282000", "event_time": 1760652129282, "latency_ms": 59.76, "symbol": "ETHUSDT", "bids": [[3873.53, 0.006], [3873.52, 1753.526], [3873.19, 7.501], [3873.18, 205.905], [3873.15, 103.18]], "asks": [[3875.78, 2566.144], [3875.79, 0.012], [3876.37, 8.113], [3883.68, 1572.766], [3883.69, 1288.019]]}
{"seq": 17, "timestamp": "2025-10-17T06:02:09.539000", "event_time": 1760652129539, "latency_ms": 59.76, "symbol": "ETHUSDT", "bids": [[3873.53, 0.006], [3873.52, 1753.526], [3873.19, 7.501], [3873.18, 205.905], [3873.15, 103.18]], "asks": [[3875.78, 2566.127], [3875.79, 0.029], [3876.37, 8.113], [3883.68, 1572.766], [3883.69, 1288.019]]}
{"seq": 18, "timestamp": "2025-10-17T06:02:09.812000", "event_time": 1760652129812, "latency_ms": 61.68, "symbol": "ETHUSDT", "bids": [[3873.53, 0.006], [3873.52, 1753.526], [3873.19, 7.501], [3873.18, 205.905], [3873.15, 103.18]], "asks": [[3875.78, 2566.127], [3875.79, 0.029], [3875.83, 0.02], [3876.37, 8.113], [3883.68, 1572.766]]}
{"seq": 19, "timestamp": "2025-10-17T06:02:10.137000", "event_time": 1760652130137, "latency_ms": 59.19, "symbol": "ETHUSDT", "bids": [[3873.53, 0.006], [3873.52, 1753.526], [3873.19, 7.501], [3873.18, 205.905], [3873.15, 103.18]], "asks": [[3875.77, 0.006], [3875.78, 2566.12], [3875.79, 0.036], [3875.83, 0.02], [3876.37, 8.113]]}
{"seq": 20, "timestamp": "2025-10-17T06:02:10.571000", "event_time": 1760652130571, "latency_ms": 62.55, "symbol": "ETHUSDT", "bids": [[3873.53, 0.014], [3873.52, 1753.526], [3873.19, 7.501], [3873.18, 205.905], [3873.15, 103.18]], "asks": [[3875.77, 0.006], [3875.78, 1290.009], [3875.79, 0.046], [3875.83, 0.02], [3876.37, 8.113]]}
{"seq": 21, "timestamp": "2025-10-17T06:02:10.844000", "event_time": 1760652130844, "latency_ms": 61.88, "symbol": "ETHUSDT", "bids": [[3873.53, 0.014], [3873.52, 1753.526], [3873.19, 7.501], [3873.18, 205.905], [3873.15, 103.18]], "asks": [[3875.77, 0.006], [3875.78, 1290.009], [3875.79, 0.046], [3875.83, 0.02], [3876.37, 8.113]]}
{"seq": 22, "timestamp": "2025-10-17T06:02:11.074000", "event_time": 1760652131074, "latency_ms": 61.32, "symbol": "ETHUSDT", "bids": [[3873.53, 0.02], [3873.52, 1753.526], [3873.19, 7.501], [3873.18, 205.905], [3873.15, 103.18]], "asks": [[3875.77, 0.006], [3875.78, 1290.008], [3875.79, 0.046], [3875.83, 0.02], [3875.92, 0.007]]}
{"seq": 23, "timestamp": "2025-10-17T06:02:11.546000", "event_time": 1760652131546, "latency_ms": 61.99, "symbol": "ETHUSDT", "bids": [[3873.53, 0.026], [3873.52, 1753.526], [3873.19, 7.501], [3873.18, 205.905], [3873.15, 103.18]], "asks": [[3875.79, 0.046], [3875.83, 0.02], [3875.9, 257.891], [3875.91, 515.788], [3875.92, 515.803]]}
{"seq": 24, "timestamp": "2025-10-17T06:02:11.657000", "event_time": 1760652131657, "latency_ms": 59.82, "symbol": "ETHUSDT", "bids": [[3873.53, 0.026], [3873.52, 1753.526], [3873.19, 7.501], [3873.18, 205.905], [3873.15, 103.18]], "asks": [[3875.79, 0.046], [3875.83, 0.02], [3875.89, 0.006], [3875.9, 257.891], [3875.91, 515.782]]}
{"seq": 25, "timestamp": "2025-10-17T06:02:11.814000", "event_time": 1760652131814, "latency_ms": 61.46, "symbol": "ETHUSDT", "bids": [[3873.53, 0.026], [3873.52, 1753.526], [3873.19, 7.501], [3873.18, 205.905], [3873.15, 103.18]], "asks": [[3875.79, 0.046], [3875.83, 0.02], [3875.89, 0.006], [3875.9, 257.891], [3875.91, 515.782]]}
{"seq": 26, "timestamp": "2025-10-17T06:02:12.089000", "event_time": 1760652132089, "latency_ms": 61.11, "symbol": "ETHUSDT", "bids": [[3873.53, 0.026], [3873.52, 1753.526], [3873.19, 7.501], [3873.18, 205.905], [3873.15, 103.18]], "asks": [[3875.83, 0.02], [3875.89, 0.006], [3875.9, 257.891], [3875.91, 1031.782], [3875.92, 1289.803]]}
{"seq": 27, "timestamp": "2025-10-17T06:02:12.552000", "event_time": 1760652132552, "latency_ms": 59.89, "symbol": "ETHUSDT", "bids": [[3873.52, 1753.294], [3873.19, 7.501], [3873.18, 205.905], [3873.15, 103.18], [3873.14, 104.079]], "asks": [[3875.83, 0.011], [3875.89, 0.006], [3875.92, 1547.803], [3875.93, 0.016], [3876.37, 8.113]]}
{"seq": 28, "timestamp": "2025-10-17T06:02:12.654000", "event_time": 1760652132654, "latency_ms": 60.78, "symbol": "ETHUSDT", "bids": [[3873.53, 0.006], [3873.52, 1753.294], [3873.19, 7.501], [3873.18, 205.905], [3873.15, 103.18]], "asks": [[3875.83, 0.011], [3875.91, 0.012], [3875.92, 2579.803], [3875.93, 0.016], [3876.37, 8.113]]}
{"seq": 29, "timestamp": "2025-10-17T06:02:12.824000", "event_time": 1760652132824, "latency_ms": 60.06, "symbol": "ETHUSDT", "bids": [[3873.53, 0.006], [3873.52, 1753.294], [3873.19, 7.501], [3873.18, 205.905], [3873.15, 103.18]], "asks": [[3875.88, 0.02], [3875.91, 0.012], [3875.92, 2579.803], [3875.93, 0.016], [3876.37, 8.113]]}
{"seq": 30, "timestamp": "2025-10-17T06:02:13.068000", "event_time": 1760652133068, "latency_ms": 60.03, "symbol": "ETHUSDT", "bids": [[3873.53, 0.006], [3873.52, 1753.294], [3873.48, 0.029], [3873.19, 7.501], [3873.18, 205.905]], "asks": [[3875.88, 0.012], [3875.91, 0.012], [3875.92, 1547.796], [3875.93, 0.016], [3876.21, 516.008]]}
{"seq": 31, "timestamp": "2025-10-17T06:02:13.184000", "event_time": 1760652133184, "latency_ms": 60.39, "symbol": "ETHUSDT", "bids": [[3873.53, 0.006], [3873.52, 1753.294], [3873.48, 0.029], [3873.19, 7.501], [3873.18, 205.905]], "asks": [[3875.88, 0.012], [3875.91, 0.012], [3875.92, 1547.796], [3875.93, 0.016], [3876.21, 1290.008]]}
{"seq": 32, "timestamp": "2025-10-17T06:02:13.336000", "event_time": 1760652133336, "latency_ms": 61.07, "symbol": "ETHUSDT", "bids": [[3873.53, 0.006], [3873.52, 1753.294], [3873.48, 0.029], [3873.19, 7.501], [3873.18, 205.905]], "asks": [[3875.91, 0.012], [3875.92, 1547.796], [3875.93, 0.036], [3876.21, 1290.008], [3876.37, 8.113]]}
{"seq": 33, "timestamp": "2025-10-17T06:02:13.482000", "event_time": 1760652133482, "latency_ms": 60.64, "symbol": "ETHUSDT", "bids": [[3873.53, 0.006], [3873.52, 1753.294], [3873.48, 0.029], [3873.19, 7.501], [3873.18, 205.905]], "asks": [[3875.91, 0.006], [3875.93, 0.02], [3876.21, 2580.016], [3876.37, 8.113], [3883.68, 1572.766]]}
{"seq": 34, "timestamp": "2025-10-17T06:02:13.608000", "event_time": 1760652133608, "latency_ms": 60.79, "symbol": "ETHUSDT", "bids": [[3873.53, 0.006], [3873.52, 1753.294], [3873.48, 0.037], [3873.19, 7.501], [3873.18, 205.905]], "asks": [[3875.93, 0.01], [3876.2, 0.006], [3876.21, 2580.026], [3876.37, 8.113], [3883.68, 1572.766]]}
{"seq": 35, "timestamp": "2025-10-17T06:02:13.756000", "event_time": 1760652133756, "latency_ms": 61.0, "symbol": "ETHUSDT", "bids": [[3873.53, 0.006], [3873.52, 1753.294], [3873.48, 0.037], [3873.19, 7.501], [3873.18, 205.905]], "asks": [[3875.96, 0.02], [3876.2, 0.006], [3876.21, 2580.026], [3876.37, 8.113], [3883.68, 1572.766]]}
{"seq": 36, "timestamp": "2025-10-17T06:02:13.888000", "event_time": 1760652133888, "latency_ms": 60.91, "symbol": "ETHUSDT", "bids": [[3873.53, 0.006], [3873.52, 1753.294], [3873.48, 0.037], [3873.19, 7.501], [3873.18, 205.905]], "asks": [[3875.96, 0.02], [3876.2, 0.006], [3876.21, 2580.026], [3876.37, 8.113], [3883.68, 1572.766]]}
{"seq": 37, "timestamp": "2025-10-17T06:02:14.042000", "event_time": 1760652134042, "latency_ms": 64.58, "symbol": "ETHUSDT", "bids": [[3873.53, 0.006], [3873.52, 1753.294], [3873.48, 0.037], [3873.19, 7.501], [3873.18, 205.905]], "asks": [[3876.01, 0.026], [3876.2, 0.013], [3876.21, 2580.026], [3876.37, 8.113], [3883.68, 1572.766]]}
{"seq": 38, "timestamp": "2025-10-17T06:02:14.315000", "event_time": 1760652134315, "latency_ms": 60.37, "symbol": "ETHUSDT", "bids": [[3873.53, 0.006], [3873.52, 1753.294], [3873.48, 0.02], [3873.19, 7.501], [3873.18, 205.905]], "asks": [[3876.01, 0.026], [3876.2, 0.013], [3876.21, 2580.026], [3876.37, 8.113], [3883.68, 1572.766]]}
{"seq": 39, "timestamp": "2025-10-17T06:02:14.529000", "event_time": 1760652134529, "latency_ms": 61.52, "symbol": "ETHUSDT", "bids": [[3873.53, 0.006], [3873.52, 1753.294], [3873.48, 0.02], [3873.19, 7.501], [3873.18, 205.905]], "asks": [[3876.01, 0.017], [3876.2, 0.022], [3876.21, 2580.026], [3876.37, 8.113], [3883.68, 1572.766]]}
{"seq": 40, "timestamp": "2025-10-17T06:02:14.802000", "event_time": 1760652134802, "latency_ms": 59.7, "symbol": "ETHUSDT", "bids": [[3873.53, 0.006], [3873.52, 1753.294], [3873.48, 0.02], [3873.19, 7.501], [3873.18, 205.905]], "asks": [[3876.2, 0.022], [3876.21, 2580.026], [3876.37, 8.113], [3883.68, 1572.766], [3883.69, 1288.019]]}
{"seq": 41, "timestamp": "2025-10-17T06:02:15.071000", "event_time": 1760652135071, "latency_ms": 60.44, "symbol": "ETHUSDT", "bids": [[3873.53, 0.006], [3873.52, 1753.294], [3873.48, 0.02], [3873.19, 7.501], [3873.18, 205.905]], "asks": [[3876.2, 0.022], [3876.21, 2580.026], [3876.37, 8.113], [3883.68, 1572.766], [3883.69, 1288.019]]}
{"seq": 42, "timestamp": "2025-10-17T06:02:16.483000", "event_time": 1760652136483, "latency_ms": 61.6, "symbol": "ETHUSDT", "bids": [[3873.52, 1752.3], [3873.48, 0.02], [3873.19, 7.501], [3873.18, 205.905], [3873.15, 103.18]], "asks": [[3876.2, 0.022], [3876.21, 2580.026], [3876.37, 8.113], [3883.68, 1572.766], [3883.69, 1288.019]]}
{"seq": 43, "timestamp": "2025-10-17T06:02:17.365000", "event_time": 1760652137365, "latency_ms": 61.9, "symbol": "ETHUSDT", "bids": [[3873.52, 1752.3], [3873.48, 0.02], [3873.19, 7.501], [3873.18, 205.905], [3873.15, 103.18]], "asks": [[3876.2, 0.011], [3876.21, 2580.026], [3876.28, 0.011], [3876.37, 8.113], [3883.68, 1572.766]]}
{"seq": 44, "timestamp": "2025-10-17T06:02:17.518000", "event_time": 1760652137518, "latency_ms": 60.05, "symbol": "ETHUSDT", "bids": [[3873.52, 1752.3], [3873.48, 0.02], [3873.19, 7.501], [3873.18, 205.905], [3873.15, 103.18]], "asks": [[3876.21, 2064.011], [3876.28, 0.018], [3876.37, 8.113], [3883.68, 1572.766], [3883.69, 1288.019]]}
{"seq": 45, "timestamp": "2025-10-17T06:02:17.622000", "event_time": 1760652137622, "latency_ms": 61.14, "symbol": "ETHUSDT", "bids": [[3873.52, 1752.3], [3873.47, 0.02], [3873.19, 7.501], [3873.18, 205.905], [3873.15, 103.18]], "asks": [[3876.21, 2064.011], [3876.28, 0.025], [3876.37, 8.113], [3883.68, 1572.766], [3883.69, 1288.019]]}
