{"seq": 1, "timestamp": "2025-10-17T06:02:05.860000", "event_time": 1760652125860, "latency_ms": 60.74, "symbol": "ETHUSDT", "bids": [[3873.53, 0.006], [3873.52, 1753.526], [3873.19, 7.501], [3873.18, 205.905], [3873.15, 103.18]], "asks": [[3873.99, 0.024], [3874.0, 3.944], [3874.04, 0.02], [3874.39, 0.006], [3876.37, 8.113]]}
{"seq": 2, "timestamp": "2025-10-17T06:02:06.125000", "event_time": 1760652126125, "latency_ms": 59.25, "symbol": "ETHUSDT", "bids": [[3873.53, 0.006], [3873.52, 1753.526], [3873.19, 7.501], [3873.18, 205.905], [3873.15, 103.18]], "asks": [[3873.99, 0.013], [3874.0, 3.944], [3874.04, 0.02], [3874.38, 0.011], [3874.39, 0.006]]}
{"seq": 3, "timestamp": "2025-10-17T06:02:06.556000", "event_time": 1760652126556, "latency_ms": 61.0, "symbol": "ETHUSDT", "bids": [[3873.53, 0.006], [3873.52, 1753.526], [3873.19, 7.501], [3873.18, 205.905], [3873.15, 103.18]], "asks": [[3874.0, 3.944], [3874.04, 0.02], [3874.38, 0.02], [3874.39, 0.006], [3876.37, 8.113]]}
{"seq": 4, "timestamp": "2025-10-17T06:02:06.830000", "event_time": 1760652126830, "latency_ms": 59.78, "symbol": "ETHUSDT", "bids": [[3873.53, 0.006], [3873.52, 1753.526], [3873.19, 7.501], [3873.18, 205.905], [3873.15, 103.18]], "asks": [[3874.0, 3.944], [3874.04, 0.02], [3874.38, 0.02], [3874.39, 0.006], [3876.37, 8.113]]}
{"seq": 5, "timestamp": "2025-10-17T06:02:07.072000", "event_time": 1760652127072, "latency_ms": 60.7, "symbol": "ETHUSDT", "bids": [[3873.53, 0.006], [3873.52, 1753.526], [3873.19, 7.501], [3873.18, 205.905], [3873.15, 103.18]], "asks": [[3874.0, 3.937], [3874.04, 0.02], [3874.39, 256.494], [3874.58, 256.481], [3876.37, 8.113]]}
{"seq": 6, "timestamp": "2025-10-17T06:02:07.198000", "event_time": 1760652127198, "latency_ms": 61.23, "symbol": "ETHUSDT", "bids": [[3873.53, 0.006], [3873.52, 1753.526], [3873.19, 7.501], [3873.18, 205.905], [3873.15, 103.18]], "asks": [[3874.0, 3.937], [3874.04, 0.02], [3874.18, 256.481], [3874.39, 256.494], [3874.58, 256.481]]}
{"seq": 7, "timestamp": "2025-10-17T06:02:07.568000", "event_time": 1760652127568, "latency_ms": 60.8, "symbol": "ETHUSDT", "bids": [[3873.53, 0.006], [3873.52, 1753.526], [3873.19, 7.501], [3873.18, 205.905], [3873.15, 103.18]], "asks": [[3874.0, 3.929], [3874.04, 0.02], [3874.35, 256.481], [3874.39, 256.502], [3874.58, 256.481]]}
{"seq": 8, "timestamp": "2025-10-17T06:02:07.692000", "event_time": 1760652127692, "latency_ms": 61.67, "symbol": "ETHUSDT", "bids": [[3873.53, 0.006], [3873.52, 1753.526], [3873.19, 7.501], [3873.18, 205.905], [3873.15, 103.18]], "asks": [[3874.0, 3.929], [3874.04, 0.02], [3874.35, 256.481], [3874.39, 256.502], [3874.46, 256.481]]}
{"seq": 9, "timestamp": "2025-10-17T06:02:07.836000", "event_time": 1760652127836, "latency_ms": 60.74, "symbol": "ETHUSDT", "bids": [[3873.53, 0.006], [3873.52, 1753.526], [3873.19, 7.501], [3873.18, 205.905], [3873.15, 103.18]], "asks": [[3874.0, 3.929], [3874.05, 0.02], [3874.35, 256.481], [3874.39, 256.502], [3874.46, 256.481]]}
{"seq": 10, "timestamp": "2025-10-17T06:02:08.093000", "event_time": 1760652128093, "latency_ms": 61.2, "symbol": "ETHUSDT", "bids": [[3873.53, 0.006], [3873.52, 1753.526], [3873.19, 7.501], [3873.18, 205.905], [3873.15, 103.18]], "asks": [[3874.0, 3.922], [3874.05, 0.02], [3874.63, 256.481], [3874.65, 256.481], [3875.78, 0.007]]}
{"seq": 11, "timestamp": "2025-10-17T06:02:08.203000", "event_time": 1760652128203, "latency_ms": 61.1, "symbol": "ETHUSDT", "bids": [[3873.53, 0.006], [3873.52, 1753.526], [3873.19, 7.501], [3873.18, 205.905], [3873.15, 103.18]], "asks": [[3874.0, 3.922], [3874.05, 0.02], [3874.63, 256.481], [3874.65, 256.481], [3875.78, 1290.007]]}
{"seq": 12, "timestamp": "2025-10-17T06:02:08.584000", "event_time": 1760652128584, "latency_ms": 61.41, "symbol": "ETHUSDT", "bids": [[3873.53, 0.006], [3873.52, 1753.526], [3873.19, 7.501], [3873.18, 205.905], [3873.15, 103.18]], "asks": [[3874.0, 3.913], [3874.05, 0.02], [3875.78, 2322.016], [3876.37, 8.113], [3883.68, 1572.766]]}
{"seq": 13, "timestamp": "2025-10-17T06:02:08.693000", "event_time": 1760652128693, "latency_ms": 61.05, "symbol": "ETHUSDT", "bids": [[3873.53, 0.006], [3873.52, 1753.526], [3873.19, 7.501], [3873.18, 205.905], [3873.15, 103.18]], "asks": [[3874.0, 3.913], [3874.05, 0.02], [3875.78, 2580.016], [3876.37, 8.113], [3883.68, 1572.766]]}
{"seq": 14, "timestamp": "2025-10-17T06:02:08.854000", "event_time": 1760652128854, "latency_ms": 60.57, "symbol": "ETHUSDT", "bids": [[3873.53, 0.006], [3873.52, 1753.526], [3873.19, 7.501], [3873.18, 205.905], [3873.15, 103.18]], "asks": [[3874.0, 3.913], [3874.05, 0.02], [3875.78, 2580.016], [3876.37, 8.113], [3883.68, 1572.766]]}
{"seq": 15, "timestamp": "2025-10-17T06:02:09.140000", "event_time": 1760652129140, "latency_ms": 60.32, "symbol": "ETHUSDT", "bids": [[3873.53, 0.006], [3873.52, 1753.526], [3873.19, 7.501], [3873.18, 205.905], [3873.15, 103.18]], "asks": [[3875.78, 2566.144], [3876.37, 8.113], [3883.68, 1572.766], [3883.69, 1288.019], [3883.78, 0.258]]}
{"seq": 16, "timestamp": "2025-10-17T06:02:09.282000", "event_time": 1760652129282, "latency_ms": 59.76, "symbol": "ETHUSDT", "bids": [[3873.53, 0.006], [3873.52, 1753.526], [3873.19, 7.501], [3873.18, 205.905], [3873.15, 103.18]], "asks": [[3875.78, 2566.144], [3875.79, 0.012], [3876.37, 8.113], [3883.68, 1572.766], [3883.69, 1288.019]]}
{"seq": 17, "timestamp": "2025-10-17T06:02:09.539000", "event_time": 1760652129539, "latency_ms": 59.76, "symbol": "ETHUSDT", "bids": [[3873.53, 0.006], [3873.52, 1753.526], [3873.19, 7.501], [3873.18, 205.905], [3873.15, 103.18]], "asks": [[3875.78, 2566.127], [3875.79, 0.029], [3876.37, 8.113], [3883.68, 1572.766], [3883.69, 1288.019]]}
{"seq": 18, "timestamp": "2025-10-17T06:02:09.812000", "event_time": 1760652129812, "latency_ms": 61.68, "symbol": "ETHUSDT", "bids": [[3873.53, 0.006], [3873.52, 1753.526], [3873.19, 7.501], [3873.18, 205.905], [3873.15, 103.18]], "asks": [[3875.78, 2566.127], [3875.79, 0.029], [3875.83, 0.02], [3876.37, 8.113], [3883.68, 1572.766]]}
{"seq": 19, "timestamp": "2025-10-17T06:02:10.137000", "event_time": 1760652130137, "latency_ms": 59.19, "symbol": "ETHUSDT", "bids": [[3873.53, 0.006], [3873.52, 1753.526], [3873.19, 7.501], [3873.18, 205.905], [3873.15, 103.18]], "asks": [[3875.77, 0.006], [3875.78, 2566.12], [3875.79, 0.036], [3875.83, 0.02], [3876.37, 8.113]]}
{"seq": 20, "timestamp": "2025-10-17T06:02:10.571000", "event_time": 1760652130571, "latency_ms": 62.55, "symbol": "ETHUSDT", "bids": [[3873.53, 0.014], [3873.52, 1753.526], [3873.19, 7.501], [3873.18, 205.905], [3873.15, 103.18]], "asks": [[3875.77, 0.006], [3875.78, 1290.009], [3875.79, 0.046], [3875.83, 0.02], [3876.37, 8.113]]}
{"seq": 21, "timestamp": "2025-10-17T06:02:10.844000", "event_time": 1760652130844, "latency_ms": 61.88, "symbol": "ETHUSDT", "bids": [[3873.53, 0.014], [3873.52, 1753.526], [3873.19, 7.501], [3873.18, 205.905], [3873.15, 103.18]], "asks": [[3875.77, 0.006], [3875.78, 1290.009], [3875.79, 0.046], [3875.83, 0.02], [3876.37, 8.113]]}
{"seq": 22, "timestamp": "2025-10-17T06:02:11.074000", "event_time": 1760652131074, "latency_ms": 61.32, "symbol": "ETHUSDT", "bids": [[3873.53, 0.02], [3873.52, 1753.526], [3873.19, 7.501], [3873.18, 205.905], [3873.15, 103.18]], "asks": [[3875.77, 0.006], [3875.78, 1290.008], [3875.79, 0.046], [3875.83, 0.02], [3875.92, 0.007]]}
{"seq": 23, "timestamp": "2025-10-17T06:02:11.546000", "event_time": 1760652131546, "latency_ms": 61.99, "symbol": "ETHUSDT", "bids": [[3873.53, 0.026], [3873.52, 1753.526], [3873.19, 7.501], [3873.18, 205.905], [3873.15, 103.18]], "asks": [[3875.79, 0.046], [3875.83, 0.02], [3875.9, 257.891], [3875.91, 515.788], [3875.92, 515.803]]}
{"seq": 24, "timestamp": "2025-10-17T06:02:11.657000", "event_time": 1760652131657, "latency_ms": 59.82, "symbol": "ETHUSDT", "bids": [[3873.53, 0.026], [3873.52, 1753.526], [3873.19, 7.501], [3873.18, 205.905], [3873.15, 103.18]], "asks": [[3875.79, 0.046], [3875.83, 0.02], [3875.89, 0.006], [3875.9, 257.891], [3875.91, 515.782]]}
{"seq": 25, "timestamp": "2025-10-17T06:02:11.814000", "event_time": 1760652131814, "latency_ms": 61.46, "symbol": "ETHUSDT", "bids": [[3873.53, 0.026], [3873.52, 1753.526], [3873.19, 7.501], [3873.18, 205.905], [3873.15, 103.18]], "asks": [[3875.79, 0.046], [3875.83, 0.02], [3875.89, 0.006], [3875.9, 257.891], [3875.91, 515.782]]}
{"seq": 26, "timestamp": "2025-10-17T06:02:12.089000", "event_time": 1760652132089, "latency_ms": 61.11, "symbol": "ETHUSDT", "bids": [[3873.53, 0.026], [3873.52, 1753.526], [3873.19, 7.501], [3873.18, 205.905], [3873.15, 103.18]], "asks": [[3875.83, 0.02], [3875.89, 0.006], [3875.9, 257.891], [3875.91, 1031.782], [3875.92, 1289.803]]}
{"seq": 27, "timestamp": "2025-10-17T06:02:12.552000", "event_time": 1760652132552, "latency_ms": 59.89, "symbol": "ETHUSDT", "bids": [[3873.52, 1753.294], [3873.19, 7.501], [3873.18, 205.905], [3873.15, 103.18], [3873.14, 104.079]], "asks": [[3875.83, 0.011], [3875.89, 0.006], [3875.92, 1547.803], [3875.93, 0.016], [3876.37, 8.113]]}
{"seq": 28, "timestamp": "2025-10-17T06:02:12.654000", "event_time": 1760652132654, "latency_ms": 60.78, "symbol": "ETHUSDT", "bids": [[3873.53, 0.006], [3873.52, 1753.294], [3873.19, 7.501], [3873.18, 205.905], [3873.15, 103.18]], "asks": [[3875.83, 0.011], [3875.91, 0.012], [3875.92, 2579.803], [3875.93, 0.016], [3876.37, 8.113]]}
{"seq": 29, "timestamp": "2025-10-17T06:02:12.824000", "event_time": 1760652132824, "latency_ms": 60.06, "symbol": "ETHUSDT", "bids": [[3873.53, 0.006], [3873.52, 1753.294], [3873.19, 7.501], [3873.18, 205.905], [3873.15, 103.18]], "asks": [[3875.88, 0.02], [3875.91, 0.012], [3875.92, 2579.803], [3875.93, 0.016], [3876.37, 8.113]]}
{"seq": 30, "timestamp": "2025-10-17T06:02:13.068000", "event_time": 1760652133068, "latency_ms": 60.03, "symbol": "ETHUSDT", "bids": [[3873.53, 0.006], [3873.52, 1753.294], [3873.48, 0.029], [3873.19, 7.501], [3873.18, 205.905]], "asks": [[3875.88, 0.012], [3875.91, 0.012], [3875.92, 1547.796], [3875.93, 0.016], [3876.21, 516.008]]}
{"seq": 31, "timestamp": "2025-10-17T06:02:13.184000", "event_time": 1760652133184, "latency_ms": 60.39, "symbol": "ETHUSDT", "bids": [[3873.53, 0.006], [3873.52, 1753.294], [3873.48, 0.029], [3873.19, 7.501], [3873.18, 205.905]], "asks": [[3875.88, 0.012], [3875.91, 0.012], [3875.92, 1547.796], [3875.93, 0.016], [3876.21, 1290.008]]}
{"seq": 32, "timestamp": "2025-10-17T06:02:13.336000", "event_time": 1760652133336, "latency_ms": 61.07, "symbol": "ETHUSDT", "bids": [[3873.53, 0.006], [3873.52, 1753.294], [3873.48, 0.029], [3873.19, 7.501], [3873.18, 205.905]], "asks": [[3875.91, 0.012], [3875.92, 1547.796], [3875.93, 0.036], [3876.21, 1290.008], [3876.37, 8.113]]}
{"seq": 33, "timestamp": "2025-10-17T06:02:13.482000", "event_time": 1760652133482, "latency_ms": 60.64, "symbol": "ETHUSDT", "bids": [[3873.53, 0.006], [3873.52, 1753.294], [3873.48, 0.029], [3873.19, 7.501], [3873.18, 205.905]], "asks": [[3875.91, 0.006], [3875.93, 0.02], [3876.21, 2580.016], [3876.37, 8.113], [3883.68, 1572.766]]}
{"seq": 34, "timestamp": "2025-10-17T06:02:13.608000", "event_time": 1760652133608, "latency_ms": 60.79, "symbol": "ETHUSDT", "bids": [[3873.53, 0.006], [3873.52, 1753.294], [3873.48, 0.037], [3873.19, 7.501], [3873.18, 205.905]], "asks": [[3875.93, 0.01], [3876.2, 0.006], [3876.21, 2580.026], [3876.37, 8.113], [3883.68, 1572.766]]}
{"seq": 35, "timestamp": "2025-10-17T06:02:13.756000", "event_time": 1760652133756, "latency_ms": 61.0, "symbol": "ETHUSDT", "bids": [[3873.53, 0.006], [3873.52, 1753.294], [3873.48, 0.037], [3873.19, 7.501], [3873.18, 205.905]], "asks": [[3875.96, 0.02], [3876.2, 0.006], [3876.21, 2580.026], [3876.37, 8.113], [3883.68, 1572.766]]}
{"seq": 36, "timestamp": "2025-10-17T06:02:13.888000", "event_time": 1760652133888, "latency_ms": 60.91, "symbol": "ETHUSDT", "bids": [[3873.53, 0.006], [3873.52, 1753.294], [3873.48, 0.037], [3873.19, 7.501], [3873.18, 205.905]], "asks": [[3875.96, 0.02], [3876.2, 0.006], [3876.21, 2580.026], [3876.37, 8.113], [3883.68, 1572.766]]}
{"seq": 37, "timestamp": "2025-10-17T06:02:14.042000", "event_time": 1760652134042, "latency_ms": 64.58, "symbol": "ETHUSDT", "bids": [[3873.53, 0.006], [3873.52, 1753.294], [3873.48, 0.037], [3873.19, 7.501], [3873.18, 205.905]], "asks": [[3876.01, 0.026], [3876.2, 0.013], [3876.21, 2580.026], [3876.37, 8.113], [3883.68, 1572.766]]}
{"seq": 38, "timestamp": "2025-10-17T06:02:14.315000", "event_time": 1760652134315, "latency_ms": 60.37, "symbol": "ETHUSDT", "bids": [[3873.53, 0.006], [3873.52, 1753.294], [3873.48, 0.02], [3873.19, 7.501], [3873.18, 205.905]], "asks": [[3876.01, 0.026], [3876.2, 0.013], [3876.21, 2580.026], [3876.37, 8.113], [3883.68, 1572.766]]}
{"seq": 39, "timestamp": "2025-10-17T06:02:14.529000", "event_time": 1760652134529, "latency_ms": 61.52, "symbol": "ETHUSDT", "bids": [[3873.53, 0.006], [3873.52, 1753.294], [3873.48, 0.02], [3873.19, 7.501], [3873.18, 205.905]], "asks": [[3876.01, 0.017], [3876.2, 0.022], [3876.21, 2580.026], [3876.37, 8.113], [3883.68, 1572.766]]}
{"seq": 40, "timestamp": "2025-10-17T06:02:14.802000", "event_time": 1760652134802, "latency_ms": 59.7, "symbol": "ETHUSDT", "bids": [[3873.53, 0.006], [3873.52, 1753.294], [3873.48, 0.02], [3873.19, 7.501], [3873.18, 205.905]], "asks": [[3876.2, 0.022], [3876.21, 2580.026], [3876.37, 8.113], [3883.68, 1572.766], [3883.69, 1288.019]]}
{"seq": 41, "timestamp": "2025-10-17T06:02:15.071000", "event_time": 1760652135071, "latency_ms": 60.44, "symbol": "ETHUSDT", "bids": [[3873.53, 0.006], [3873.52, 1753.294], [3873.48, 0.02], [3873.19, 7.501], [3873.18, 205.905]], "asks": [[3876.2, 0.022], [3876.21, 2580.026], [3876.37, 8.113], [3883.68, 1572.766], [3883.69, 1288.019]]}
{"seq": 42, "timestamp": "2025-10-17T06:02:16.483000", "event_time": 1760652136483, "latency_ms": 61.6, "symbol": "ETHUSDT", "bids": [[3873.52, 1752.3], [3873.48, 0.02], [3873.19, 7.501], [3873.18, 205.905], [3873.15, 103.18]], "asks": [[3876.2, 0.022], [3876.21, 2580.026], [3876.37, 8.113], [3883.68, 1572.766], [3883.69, 1288.019]]}
{"seq": 43, "timestamp": "2025-10-17T06:02:17.365000", "event_time": 1760652137365, "latency_ms": 61.9, "symbol": "ETHUSDT", "bids": [[3873.52, 1752.3], [3873.48, 0.02], [3873.19, 7.501], [3873.18, 205.905], [3873.15, 103.18]], "asks": [[3876.2, 0.011], [3876.21, 2580.026], [3876.28, 0.011], [3876.37, 8.113], [3883.68, 1572.766]]}
{"seq": 44, "timestamp": "2025-10-17T06:02:17.518000", "event_time": 1760652137518, "latency_ms": 60.05, "symbol": "ETHUSDT", "bids": [[3873.52, 1752.3], [3873.48, 0.02], [3873.19, 7.501], [3873.18, 205.905], [3873.15, 103.18]], "asks": [[3876.21, 2064.011], [3876.28, 0.018], [3876.37, 8.113], [3883.68, 1572.766], [3883.69, 1288.019]]}
{"seq": 45, "timestamp": "2025-10-17T06:02:17.622000", "event_time": 1760652137622, "latency_ms": 61.14, "symbol": "ETHUSDT", "bids": [[3873.52, 1752.3], [3873.47, 0.02], [3873.19, 7.501], [3873.18, 205.905], [3873.15, 103.18]], "asks": [[3876.21, 2064.011], [3876.28, 0.025], [3876.37, 8.113], [3883.68, 1572.766], [3883.69, 1288.019]]}
{"seq": 1, "timestamp": "2025-10-17T06:07:32.803000", "event_time": 1760652452803, "latency_ms": 61.68, "symbol": "ETHUSDT", "bids": [[3875.16, 0.006], [3875.15, 402.859], [3875.12, 142.913], [3875.11, 567.946], [3875.09, 140.795]], "asks": [[3880.67, 0.972], [3880.68, 994.724], [3880.72, 0.02], [3880.81, 1545.623], [3881.01, 2576.019]]}
{"seq": 2, "timestamp": "2025-10-17T06:07:33.063000", "event_time": 1760652453063, "latency_ms": 61.54, "symbol": "ETHUSDT", "bids": [[3875.12, 0.006], [3875.11, 567.94], [3875.09, 140.795], [3875.07, 143.089], [3875.0, 1307.242]], "asks": [[3880.67, 0.978], [3880.68, 994.724], [3880.72, 0.02], [3880.81, 1545.623], [3881.01, 2576.019]]}
{"seq": 3, "timestamp": "2025-10-17T06:07:33.171000", "event_time": 1760652453171, "latency_ms": 61.16, "symbol": "ETHUSDT", "bids": [[3875.12, 0.006], [3875.11, 425.046], [3875.09, 140.795], [3875.07, 143.089], [3875.0, 1307.242]], "asks": [[3880.67, 0.978], [3880.68, 994.724], [3880.72, 0.02], [3880.81, 1545.623], [3881.01, 2576.019]]}
{"seq": 4, "timestamp": "2025-10-17T06:07:33.384000", "event_time": 1760652453384, "latency_ms": 60.66, "symbol": "ETHUSDT", "bids": [[3875.12, 0.006], [3875.11, 425.046], [3875.09, 140.795], [3875.07, 143.089], [3875.0, 1307.242]], "asks": [[3880.67, 0.978], [3880.68, 994.724], [3880.72, 0.02], [3880.81, 1545.623], [3881.01, 2576.019]]}
{"seq": 5, "timestamp": "2025-10-17T06:07:35.711000", "event_time": 1760652455711, "latency_ms": 60.69, "symbol": "ETHUSDT", "bids": [[3875.0, 1307.235], [3874.85, 118.616], [3874.83, 1299.884], [3874.82, 5463.174], [3874.81, 2605.08]], "asks": [[3880.67, 0.978], [3880.68, 994.724], [3880.72, 0.02], [3880.81, 1545.623], [3881.01, 2576.019]]}
{"seq": 6, "timestamp": "2025-10-17T06:07:35.887000", "event_time": 1760652455887, "latency_ms": 63.41, "symbol": "ETHUSDT", "bids": [[3875.0, 0.95], [3874.83, 1299.884], [3874.82, 5463.174], [3874.81, 3643.495], [3874.79, 117.464]], "asks": [[3880.67, 0.978], [3880.68, 994.724], [3880.72, 0.02], [3880.81, 1545.623], [3881.01, 2576.019]]}
{"seq": 7, "timestamp": "2025-10-17T06:07:35.992000", "event_time": 1760652455992, "latency_ms": 61.36, "symbol": "ETHUSDT", "bids": [[3875.0, 0.95], [3874.83, 260.429], [3874.82, 5463.174], [3874.81, 3904.998], [3874.79, 117.464]], "asks": [[3880.67, 0.978], [3880.68, 994.724], [3880.72, 0.02], [3880.81, 1545.623], [3881.01, 2576.019]]}
{"seq": 8, "timestamp": "2025-10-17T06:07:36.103000", "event_time": 1760652456103, "latency_ms": 60.16, "symbol": "ETHUSDT", "bids": [[3875.0, 0.937], [3874.82, 5463.174], [3874.81, 5204.887], [3874.79, 117.464], [3874.63, 116.741]], "asks": [[3880.67, 0.978], [3880.68, 994.724], [3880.72, 0.02], [3880.81, 1545.623], [3881.01, 2576.019]]}
{"seq": 9, "timestamp": "2025-10-17T06:07:38.646000", "event_time": 1760652458646, "latency_ms": 61.4, "symbol": "ETHUSDT", "bids": [[3875.0, 0.937], [3874.82, 5463.174], [3874.81, 5204.887], [3874.79, 117.464], [3874.63, 116.741]], "asks": [[3880.67, 0.978], [3880.68, 994.724], [3880.72, 0.02], [3880.81, 1545.623], [3881.01, 2576.019]]}
{"seq": 10, "timestamp": "2025-10-17T06:07:38.871000", "event_time": 1760652458871, "latency_ms": 60.75, "symbol": "ETHUSDT", "bids": [[3875.0, 0.937], [3874.82, 5463.174], [3874.81, 5204.887], [3874.79, 117.464], [3874.63, 116.741]], "asks": [[3880.67, 0.978], [3880.68, 994.724], [3880.72, 0.02], [3880.81, 1545.623], [3881.01, 2576.019]]}
{"seq": 11, "timestamp": "2025-10-17T06:07:39.056000", "event_time": 1760652459056, "latency_ms": 67.39, "symbol": "ETHUSDT", "bids": [[3875.0, 0.937], [3874.82, 5463.174], [3874.81, 5204.887], [3874.79, 117.464], [3874.63, 116.741]], "asks": [[3880.67, 0.978], [3880.68, 994.724], [3880.72, 0.02], [3880.81, 1545.623], [3881.01, 2576.019]]}
{"seq": 12, "timestamp": "2025-10-17T06:07:39.329000", "event_time": 1760652459329, "latency_ms": 60.23, "symbol": "ETHUSDT", "bids": [[3875.0, 0.937], [3874.82, 5463.174], [3874.81, 5204.887], [3874.79, 117.464], [3874.63, 116.741]], "asks": [[3880.67, 0.978], [3880.68, 994.724], [3880.72, 0.02], [3880.81, 1545.623], [3881.01, 2576.019]]}
{"seq": 13, "timestamp": "2025-10-17T06:07:41.521000", "event_time": 1760652461521, "latency_ms": 61.7, "symbol": "ETHUSDT", "bids": [[3875.0, 0.937], [3874.82, 5463.174], [3874.81, 5204.887], [3874.79, 117.464], [3874.63, 116.741]], "asks": [[3880.67, 0.978], [3880.68, 994.724], [3880.72, 0.02], [3880.81, 1545.623], [3881.01, 2576.019]]}
{"seq": 14, "timestamp": "2025-10-17T06:07:43.711000", "event_time": 1760652463711, "latency_ms": 61.33, "symbol": "ETHUSDT", "bids": [[3875.0, 0.937], [3874.82, 5463.174], [3874.81, 5204.887], [3874.79, 117.464], [3874.63, 116.741]], "asks": [[3880.67, 0.978], [3880.68, 994.724], [3880.72, 0.02], [3880.81, 1545.623], [3881.01, 2576.019]]}
{"seq": 15, "timestamp": "2025-10-17T06:07:43.916000", "event_time": 1760652463916, "latency_ms": 61.18, "symbol": "ETHUSDT", "bids": [[3875.0, 0.937], [3874.82, 5463.174], [3874.81, 5204.887], [3874.79, 117.464], [3874.63, 116.741]], "asks": [[3880.67, 0.978], [3880.68, 994.724], [3880.72, 0.02], [3880.81, 1545.623], [3881.01, 2576.019]]}
{"seq": 16, "timestamp": "2025-10-17T06:07:44.087000", "event_time": 1760652464087, "latency_ms": 61.5, "symbol": "ETHUSDT", "bids": [[3875.0, 0.937], [3874.82, 5463.174], [3874.81, 5204.887], [3874.79, 117.464], [3874.63, 116.741]], "asks": [[3880.67, 0.978], [3880.68, 994.724], [3880.72, 0.02], [3880.81, 1545.623], [3881.01, 2576.019]]}
{"seq": 17, "timestamp": "2025-10-17T06:07:44.355000", "event_time": 1760652464355, "latency_ms": 61.36, "symbol": "ETHUSDT", "bids": [[3875.0, 0.937], [3874.82, 5463.174], [3874.81, 5204.887], [3874.79, 117.464], [3874.63, 116.741]], "asks": [[3880.67, 0.978], [3880.68, 994.724], [3880.72, 0.02], [3880.81, 1545.623], [3881.01, 2576.019]]}
{"seq": 18, "timestamp": "2025-10-17T06:07:46.482000", "event_time": 1760652466482, "latency_ms": 60.68, "symbol": "ETHUSDT", "bids": [[3875.0, 0.937], [3874.82, 5463.174], [3874.81, 5204.887], [3874.79, 117.464], [3874.63, 116.741]], "asks": [[3880.67, 0.978], [3880.68, 994.724], [3880.72, 0.02], [3880.81, 1545.623], [3881.01, 2576.019]]}
{"seq": 19, "timestamp": "2025-10-17T06:07:48.968000", "event_time": 1760652468968, "latency_ms": 61.2, "symbol": "ETHUSDT", "bids": [[3875.0, 0.937], [3874.82, 5463.174], [3874.81, 5204.887], [3874.79, 117.464], [3874.63, 116.741]], "asks": [[3880.67, 0.978], [3880.68, 994.724], [3880.72, 0.02], [3880.81, 1545.623], [3881.01, 2576.019]]}
{"seq": 20, "timestamp": "2025-10-17T06:07:49.126000", "event_time": 1760652469126, "latency_ms": 60.08, "symbol": "ETHUSDT", "bids": [[3875.0, 0.937], [3874.82, 5463.174], [3874.81, 5204.887], [3874.79, 117.464], [3874.63, 116.741]], "asks": [[3880.67, 0.978], [3880.68, 994.724], [3880.72, 0.02], [3880.81, 1545.623], [3881.01, 2576.019]]}
{"seq": 21, "timestamp": "2025-10-17T06:07:49.240000", "event_time": 1760652469240, "latency_ms": 59.94, "symbol": "ETHUSDT", "bids": [[3875.0, 0.937], [3874.82, 5463.174], [3874.81, 5204.887], [3874.79, 117.464], [3874.63, 116.741]], "asks": [[3880.67, 0.978], [3880.68, 994.724], [3880.72, 0.02], [3880.81, 1545.623], [3881.01, 2576.019]]}
{"seq": 22, "timestamp": "2025-10-17T06:07:50.485000", "event_time": 1760652470485, "latency_ms": 61.18, "symbol": "ETHUSDT", "bids": [[3875.0, 0.937], [3874.82, 5463.174], [3874.81, 5204.887], [3874.79, 117.464], [3874.63, 116.741]], "asks": [[3880.67, 0.129], [3880.68, 994.724], [3880.72, 0.02], [3880.81, 1545.623], [3881.01, 2576.019]]}
{"seq": 23, "timestamp": "2025-10-17T06:07:50.757000", "event_time": 1760652470757, "latency_ms": 61.38, "symbol": "ETHUSDT", "bids": [[3875.0, 0.937], [3874.82, 5463.174], [3874.81, 5204.887], [3874.79, 117.464], [3874.63, 116.741]], "asks": [[3880.67, 0.129], [3880.68, 994.724], [3880.72, 0.02], [3880.81, 1545.623], [3881.01, 2576.019]]}
{"seq": 24, "timestamp": "2025-10-17T06:07:51.646000", "event_time": 1760652471646, "latency_ms": 63.37, "symbol": "ETHUSDT", "bids": [[3875.0, 0.088], [3874.82, 5463.174], [3874.81, 5204.887], [3874.79, 117.464], [3874.63, 116.741]], "asks": [[3880.67, 0.129], [3880.68, 994.724], [3880.72, 0.02], [3880.81, 1545.623], [3881.01, 2576.019]]}
{"seq": 25, "timestamp": "2025-10-17T06:07:52.058000", "event_time": 1760652472058, "latency_ms": 62.01, "symbol": "ETHUSDT", "bids": [[3875.0, 0.088], [3874.82, 5463.174], [3874.81, 5204.887], [3874.79, 117.464], [3874.63, 116.741]], "asks": [[3880.67, 0.129], [3880.68, 994.724], [3880.72, 0.02], [3880.81, 1545.623], [3881.01, 2576.019]]}
{"seq": 26, "timestamp": "2025-10-17T06:07:52.326000", "event_time": 1760652472326, "latency_ms": 61.08, "symbol": "ETHUSDT", "bids": [[3875.0, 0.088], [3874.82, 5463.174], [3874.81, 5204.887], [3874.79, 117.464], [3874.63, 116.741]], "asks": [[3880.67, 0.129], [3880.68, 994.724], [3880.72, 0.02], [3880.81, 1545.623], [3881.01, 2576.019]]}
{"seq": 27, "timestamp": "2025-10-17T06:07:53.845000", "event_time": 1760652473845, "latency_ms": 61.82, "symbol": "ETHUSDT", "bids": [[3875.0, 0.088], [3874.82, 5463.174], [3874.81, 5204.887], [3874.79, 117.464], [3874.63, 116.741]], "asks": [[3877.45, 0.007], [3880.67, 0.129], [3880.68, 994.724], [3880.72, 0.02], [3880.81, 1545.623]]}
{"seq": 28, "timestamp": "2025-10-17T06:07:54.840000", "event_time": 1760652474840, "latency_ms": 60.37, "symbol": "ETHUSDT", "bids": [[3875.0, 0.078], [3874.97, 0.01], [3874.82, 5463.174], [3874.81, 5204.887], [3874.79, 117.464]], "asks": [[3877.45, 0.007], [3880.67, 0.129], [3880.68, 994.724], [3880.72, 0.02], [3880.81, 1545.623]]}
{"seq": 29, "timestamp": "2025-10-17T06:07:55.125000", "event_time": 1760652475125, "latency_ms": 61.63, "symbol": "ETHUSDT", "bids": [[3875.0, 0.072], [3874.98, 0.006], [3874.97, 0.01], [3874.82, 5463.174], [3874.81, 5204.887]], "asks": [[3877.45, 0.007], [3877.5, 0.02], [3880.67, 0.129], [3880.68, 994.724], [3880.81, 1545.623]]}
{"seq": 30, "timestamp": "2025-10-17T06:07:57.830000", "event_time": 1760652477830, "latency_ms": 61.21, "symbol": "ETHUSDT", "bids": [[3875.0, 0.072], [3874.98, 0.006], [3874.97, 0.01], [3874.82, 5463.174], [3874.81, 5204.887]], "asks": [[3877.45, 0.007], [3877.5, 0.02], [3880.67, 0.129], [3880.68, 994.724], [3880.81, 1545.623]]}
{"seq": 31, "timestamp": "2025-10-17T06:07:58.094000", "event_time": 1760652478094, "latency_ms": 62.17, "symbol": "ETHUSDT", "bids": [[3875.0, 0.072], [3874.98, 0.006], [3874.97, 0.01], [3874.82, 5463.174], [3874.81, 5204.887]], "asks": [[3877.45, 0.007], [3877.5, 0.02], [3880.67, 0.129], [3880.68, 994.724], [3880.81, 1545.623]]}
{"seq": 32, "timestamp": "2025-10-17T06:08:00.389000", "event_time": 1760652480389, "latency_ms": 61.71, "symbol": "ETHUSDT", "bids": [[3875.0, 0.072], [3874.98, 0.006], [3874.97, 0.01], [3874.83, 0.006], [3874.82, 5463.174]], "asks": [[3877.45, 0.007], [3877.5, 0.02], [3880.67, 0.135], [3880.68, 994.724], [3880.81, 1545.623]]}
{"seq": 33, "timestamp": "2025-10-17T06:08:00.657000", "event_time": 1760652480657, "latency_ms": 61.44, "symbol": "ETHUSDT", "bids": [[3875.0, 0.002], [3874.98, 0.006], [3874.97, 0.01], [3874.83, 0.006], [3874.82, 5463.174]], "asks": [[3877.45, 0.007], [3877.5, 0.02], [3880.67, 0.135], [3880.68, 994.724], [3880.81, 1545.623]]}
{"seq": 1, "timestamp": "2025-10-17T06:20:17.618000", "symbol": "ETHUSDT", "bids": [[3865.94, 3695.389], [3865.18, 0.069], [3864.64, 945.778], [3864.58, 4125.074], [3864.5, 1308.278]], "asks": [[3865.95, 25.695], [3866.0, 0.02], [3868.26, 0.259], [3868.56, 0.007], [3868.59, 0.259]], "ts_recv": 1760653217676.475, "E": 1760653217618, "U": 76543005398, "u": 76543005399, "pu": null, "latency_event_ms": 58.48, "latency_pipeline_ms": 0.0}
{"seq": 2, "timestamp": "2025-10-17T06:20:19.318000", "symbol": "ETHUSDT", "bids": [[3865.94, 3695.389], [3865.18, 0.069], [3864.64, 945.778], [3864.58, 4125.074], [3864.5, 1308.278]], "asks": [[3865.95, 25.687], [3866.0, 0.02], [3868.26, 0.259], [3868.53, 258.4], [3868.54, 258.4]], "ts_recv": 1760653219378.072, "E": 1760653219318, "U": 76543011775, "u": 76543012023, "pu": 76543005399, "latency_event_ms": 60.07, "latency_pipeline_ms": 0.0}
{"seq": 3, "timestamp": "2025-10-17T06:20:22.190000", "symbol": "ETHUSDT", "bids": [[3865.94, 3695.389], [3865.18, 0.069], [3864.64, 945.778], [3864.58, 4125.074], [3864.5, 1308.278]], "asks": [[3865.95, 25.68], [3866.0, 0.02], [3868.51, 258.4], [3868.63, 258.4], [3868.65, 258.4]], "ts_recv": 1760653222250.612, "E": 1760653222190, "U": 76543027545, "u": 76543028064, "pu": 76543012023, "latency_event_ms": 60.61, "latency_pipeline_ms": 0.0}
{"seq": 4, "timestamp": "2025-10-17T06:20:22.458000", "symbol": "ETHUSDT", "bids": [[3865.94, 3695.389], [3865.18, 0.069], [3864.64, 945.778], [3864.58, 4125.074], [3864.5, 1308.278]], "asks": [[3865.95, 25.68], [3866.0, 0.02], [3868.51, 258.4], [3868.63, 258.4], [3868.65, 258.4]], "ts_recv": 1760653222518.914, "E": 1760653222458, "U": 76543029116, "u": 76543029122, "pu": 76543028064, "latency_event_ms": 60.91, "latency_pipeline_ms": 0.0}
{"seq": 5, "timestamp": "2025-10-17T06:20:23.705000", "symbol": "ETHUSDT", "bids": [[3865.94, 3695.389], [3865.18, 0.069], [3864.64, 945.778], [3864.58, 4125.074], [3864.5, 1308.278]], "asks": [[3868.5, 0.006], [3868.51, 258.305], [3868.63, 258.4], [3868.65, 258.4], [3869.24, 1292.035]], "ts_recv": 1760653223764.77, "E": 1760653223705, "U": 76543036999, "u": 76543037211, "pu": 76543029122, "latency_event_ms": 59.77, "latency_pipeline_ms": 0.0}
{"seq": 6, "timestamp": "2025-10-17T06:20:23.831000", "symbol": "ETHUSDT", "bids": [[3865.95, 0.006], [3865.94, 3695.389], [3865.18, 0.069], [3864.64, 945.778], [3864.58, 4125.074]], "asks": [[3868.5, 0.006], [3868.51, 258.305], [3868.63, 258.4], [3868.65, 258.4], [3869.24, 1292.035]], "ts_recv": 1760653223890.2869, "E": 1760653223831, "U": 76543037602, "u": 76543037602, "pu": 76543037211, "latency_event_ms": 59.29, "latency_pipeline_ms": 0.0}
{"seq": 7, "timestamp": "2025-10-17T06:20:23.971000", "symbol": "ETHUSDT", "bids": [[3865.95, 0.006], [3865.94, 3695.389], [3865.89, 0.024], [3865.18, 0.069], [3864.64, 945.778]], "asks": [[3868.5, 0.006], [3868.51, 258.305], [3868.63, 258.4], [3868.65, 258.4], [3869.24, 1292.035]], "ts_recv": 1760653224031.42, "E": 1760653223971, "U": 76543038513, "u": 76543038513, "pu": 76543037602, "latency_event_ms": 60.42, "latency_pipeline_ms": 0.0}
{"seq": 8, "timestamp": "2025-10-17T06:20:24.098000", "symbol": "ETHUSDT", "bids": [[3865.95, 0.006], [3865.94, 3695.389], [3865.89, 0.024], [3865.18, 0.069], [3864.64, 945.778]], "asks": [[3868.5, 0.006], [3868.51, 258.305], [3868.55, 0.02], [3868.63, 258.4], [3868.65, 258.4]], "ts_recv": 1760653224159.2468, "E": 1760653224098, "U": 76543039270, "u": 76543039270, "pu": 76543038513, "latency_event_ms": 61.25, "latency_pipeline_ms": 0.0}
{"seq": 9, "timestamp": "2025-10-17T06:20:24.901000", "symbol": "ETHUSDT", "bids": [[3865.95, 0.012], [3865.94, 3695.389], [3865.89, 0.024], [3865.18, 0.069], [3864.64, 945.778]], "asks": [[3868.5, 0.006], [3868.55, 0.02], [3869.24, 775.235], [3869.27, 1292.015], [3869.39, 52.331]], "ts_recv": 1760653224960.919, "E": 1760653224901, "U": 76543044051, "u": 76543044555, "pu": 76543039270, "latency_event_ms": 59.92, "latency_pipeline_ms": 0.0}
{"seq": 10, "timestamp": "2025-10-17T06:20:25.018000", "symbol": "ETHUSDT", "bids": [[3865.95, 0.012], [3865.94, 3695.389], [3865.89, 0.024], [3865.18, 0.069], [3864.64, 945.778]], "asks": [[3868.55, 0.011], [3869.23, 0.006], [3869.24, 775.235], [3869.27, 1292.015], [3869.39, 52.331]], "ts_recv": 1760653225078.1282, "E": 1760653225018, "U": 76543044699, "u": 76543045146, "pu": 76543044555, "latency_event_ms": 60.13, "latency_pipeline_ms": 0.0}
{"seq": 11, "timestamp": "2025-10-17T06:20:25.150000", "symbol": "ETHUSDT", "bids": [[3865.95, 0.012], [3865.94, 3695.389], [3865.9, 0.024], [3865.18, 0.069], [3864.64, 945.778]], "asks": [[3868.55, 0.011], [3869.24, 0.012], [3869.26, 0.006], [3869.27, 1292.015], [3869.39, 52.331]], "ts_recv": 1760653225210.423, "E": 1760653225150, "U": 76543045648, "u": 76543046197, "pu": 76543045146, "latency_event_ms": 60.42, "latency_pipeline_ms": 0.0}
{"seq": 12, "timestamp": "2025-10-17T06:20:25.357000", "symbol": "ETHUSDT", "bids": [[3865.95, 0.012], [3865.94, 3695.389], [3865.9, 0.024], [3865.18, 0.069], [3864.64, 945.778]], "asks": [[3868.6, 0.02], [3869.24, 0.012], [3869.26, 0.006], [3869.27, 1292.015], [3869.39, 52.331]], "ts_recv": 1760653225416.7249, "E": 1760653225357, "U": 76543047062, "u": 76543047064, "pu": 76543046197, "latency_event_ms": 59.73, "latency_pipeline_ms": 0.0}
{"seq": 13, "timestamp": "2025-10-17T06:20:25.632000", "symbol": "ETHUSDT", "bids": [[3865.95, 0.012], [3865.94, 3695.389], [3865.9, 0.033], [3865.18, 0.069], [3864.64, 945.778]], "asks": [[3868.6, 0.014], [3869.26, 0.006], [3869.27, 516.808], [3869.39, 52.331], [3869.41, 0.026]], "ts_recv": 1760653225692.162, "E": 1760653225632, "U": 76543048754, "u": 76543049117, "pu": 76543047064, "latency_event_ms": 60.16, "latency_pipeline_ms": 0.0}
{"seq": 14, "timestamp": "2025-10-17T06:20:25.901000", "symbol": "ETHUSDT", "bids": [[3865.95, 0.012], [3865.94, 3695.389], [3865.9, 0.033], [3865.18, 0.069], [3864.64, 945.778]], "asks": [[3868.65, 0.02], [3869.26, 0.006], [3869.27, 516.808], [3869.39, 52.331], [3869.41, 0.026]], "ts_recv": 1760653225961.2578, "E": 1760653225901, "U": 76543050188, "u": 76543050191, "pu": 76543049117, "latency_event_ms": 60.26, "latency_pipeline_ms": 0.0}
{"seq": 15, "timestamp": "2025-10-17T06:20:26.173000", "symbol": "ETHUSDT", "bids": [[3865.95, 0.012], [3865.94, 3695.389], [3865.9, 0.039], [3865.18, 0.069], [3864.64, 945.778]], "asks": [[3868.65, 0.008], [3869.26, 0.006], [3869.41, 0.011], [3869.5, 2586.017], [3869.69, 52.302]], "ts_recv": 1760653226231.148, "E": 1760653226173, "U": 76543051750, "u": 76543052468, "pu": 76543050191, "latency_event_ms": 58.15, "latency_pipeline_ms": 0.0}
{"seq": 16, "timestamp": "2025-10-17T06:20:26.475000", "symbol": "ETHUSDT", "bids": [[3865.95, 0.012], [3865.94, 3695.389], [3865.9, 0.039], [3865.18, 0.069], [3864.64, 945.778]], "asks": [[3868.7, 0.029], [3869.26, 0.006], [3869.41, 0.011], [3869.5, 2586.017], [3869.69, 52.302]], "ts_recv": 1760653226534.002, "E": 1760653226475, "U": 76543053654, "u": 76543053655, "pu": 76543052468, "latency_event_ms": 59.0, "latency_pipeline_ms": 0.0}
{"seq": 17, "timestamp": "2025-10-17T06:20:26.744000", "symbol": "ETHUSDT", "bids": [[3865.95, 0.012], [3865.94, 3695.389], [3865.9, 0.02], [3865.18, 0.069], [3864.64, 945.778]], "asks": [[3868.7, 0.029], [3869.26, 0.006], [3869.41, 0.011], [3869.5, 2586.017], [3869.69, 52.302]], "ts_recv": 1760653226803.067, "E": 1760653226744, "U": 76543055215, "u": 76543055218, "pu": 76543053655, "latency_event_ms": 59.07, "latency_pipeline_ms": 0.0}
{"seq": 18, "timestamp": "2025-10-17T06:20:28.168000", "symbol": "ETHUSDT", "bids": [[3865.95, 0.012], [3865.94, 3695.389], [3865.9, 0.02], [3865.18, 0.069], [3864.64, 945.778]], "asks": [[3869.5, 1803.785], [3869.69, 52.302], [3869.79, 1292.013], [3869.8, 1292.012], [3872.36, 1029.774]], "ts_recv": 1760653228226.572, "E": 1760653228168, "U": 76543064417, "u": 76543064988, "pu": 76543055218, "latency_event_ms": 58.57, "latency_pipeline_ms": 0.0}
{"seq": 19, "timestamp": "2025-10-17T06:20:28.290000", "symbol": "ETHUSDT", "bids": [[3865.95, 0.012], [3865.94, 3695.389], [3865.9, 0.02], [3865.18, 0.069], [3864.64, 945.778]], "asks": [[3869.5, 517.209], [3869.62, 258.4], [3869.63, 258.4], [3869.66, 258.4], [3869.67, 258.4]], "ts_recv": 1760653228348.428, "E": 1760653228290, "U": 76543065284, "u": 76543065497, "pu": 76543064988, "latency_event_ms": 58.43, "latency_pipeline_ms": 0.0}
{"seq": 20, "timestamp": "2025-10-17T06:20:28.436000", "symbol": "ETHUSDT", "bids": [[3865.95, 0.012], [3865.94, 3695.389], [3865.9, 0.02], [3865.18, 0.069], [3864.64, 945.778]], "asks": [[3868.75, 0.029], [3869.5, 517.209], [3869.62, 258.4], [3869.63, 258.4], [3869.66, 258.4]], "ts_recv": 1760653228495.582, "E": 1760653228436, "U": 76543066039, "u": 76543066039, "pu": 76543065497, "latency_event_ms": 59.58, "latency_pipeline_ms": 0.0}
{"seq": 21, "timestamp": "2025-10-17T06:20:28.653000", "symbol": "ETHUSDT", "bids": [[3865.95, 0.012], [3865.94, 3695.389], [3865.9, 0.02], [3865.18, 0.069], [3864.64, 945.778]], "asks": [[3868.75, 0.02], [3869.32, 0.009], [3869.5, 517.209], [3869.62, 258.4], [3869.63, 258.4]], "ts_recv": 1760653228713.1082, "E": 1760653228653, "U": 76543067379, "u": 76543067629, "pu": 76543066039, "latency_event_ms": 60.11, "latency_pipeline_ms": 0.0}
{"seq": 22, "timestamp": "2025-10-17T06:20:28.851000", "symbol": "ETHUSDT", "bids": [[3865.94, 3695.389], [3865.9, 0.02], [3865.18, 0.069], [3864.64, 945.778], [3864.58, 4125.074]], "asks": [[3865.95, 25.792], [3869.32, 0.009], [3869.5, 517.209], [3869.62, 258.4], [3869.63, 258.4]], "ts_recv": 1760653228910.717, "E": 1760653228851, "U": 76543068225, "u": 76543068493, "pu": 76543067629, "latency_event_ms": 59.72, "latency_pipeline_ms": 0.0}
{"seq": 23, "timestamp": "2025-10-17T06:20:29.085000", "symbol": "ETHUSDT", "bids": [[3865.94, 3695.389], [3865.89, 0.02], [3865.18, 0.069], [3864.64, 945.778], [3864.58, 4125.074]], "asks": [[3865.95, 25.777], [3869.32, 0.009], [3869.5, 517.209], [3869.62, 258.4], [3869.63, 258.4]], "ts_recv": 1760653229143.987, "E": 1760653229085, "U": 76543069476, "u": 76543069587, "pu": 76543068493, "latency_event_ms": 58.99, "latency_pipeline_ms": 1.0}
{"seq": 24, "timestamp": "2025-10-17T06:20:29.329000", "symbol": "ETHUSDT", "bids": [[3865.94, 3695.389], [3865.89, 0.02], [3865.18, 0.069], [3864.64, 945.778], [3864.58, 4125.074]], "asks": [[3865.95, 25.777], [3869.24, 51.611], [3869.32, 0.024], [3869.5, 517.209], [3869.62, 258.4]], "ts_recv": 1760653229389.7131, "E": 1760653229329, "U": 76543070380, "u": 76543070813, "pu": 76543069587, "latency_event_ms": 60.71, "latency_pipeline_ms": 0.0}
{"seq": 25, "timestamp": "2025-10-17T06:20:29.444000", "symbol": "ETHUSDT", "bids": [[3865.94, 3695.389], [3865.89, 0.02], [3865.18, 0.069], [3864.64, 945.778], [3864.58, 4125.074]], "asks": [[3865.95, 25.777], [3869.19, 51.611], [3869.24, 51.611], [3869.32, 0.024], [3869.35, 51.611]], "ts_recv": 1760653229503.5042, "E": 1760653229444, "U": 76543071035, "u": 76543071273, "pu": 76543070813, "latency_event_ms": 59.5, "latency_pipeline_ms": 0.0}
{"seq": 26, "timestamp": "2025-10-17T06:20:31.460000", "symbol": "ETHUSDT", "bids": [[3865.94, 3695.389], [3865.89, 0.02], [3865.18, 0.069], [3864.64, 945.778], [3864.58, 4125.074]], "asks": [[3865.95, 25.768], [3868.89, 248.009], [3869.2, 248.009], [3869.22, 248.009], [3869.31, 0.009]], "ts_recv": 1760653231520.231, "E": 1760653231460, "U": 76543080748, "u": 76543081129, "pu": 76543071273, "latency_event_ms": 60.23, "latency_pipeline_ms": 0.0}
{"seq": 27, "timestamp": "2025-10-17T06:20:31.594000", "symbol": "ETHUSDT", "bids": [[3865.94, 3695.389], [3865.89, 0.02], [3865.18, 0.069], [3864.64, 945.778], [3864.58, 4125.074]], "asks": [[3865.95, 25.758], [3869.0, 248.009], [3869.03, 248.009], [3869.13, 248.009], [3869.2, 248.009]], "ts_recv": 1760653231652.879, "E": 1760653231594, "U": 76543081347, "u": 76543081670, "pu": 76543081129, "latency_event_ms": 58.88, "latency_pipeline_ms": 0.0}
{"seq": 28, "timestamp": "2025-10-17T06:20:31.726000", "symbol": "ETHUSDT", "bids": [[3865.94, 3695.389], [3865.89, 0.02], [3865.18, 0.069], [3864.64, 945.778], [3864.58, 4125.074]], "asks": [[3865.95, 25.758], [3869.0, 248.009], [3869.03, 248.009], [3869.13, 248.009], [3869.2, 248.009]], "ts_recv": 1760653231785.393, "E": 1760653231726, "U": 76543081789, "u": 76543081790, "pu": 76543081670, "latency_event_ms": 59.39, "latency_pipeline_ms": 1.0}
{"seq": 29, "timestamp": "2025-10-17T06:20:32.095000", "symbol": "ETHUSDT", "bids": [[3865.94, 3695.389], [3865.89, 0.02], [3865.18, 0.069], [3864.64, 945.778], [3864.58, 4125.074]], "asks": [[3865.95, 25.751], [3869.31, 0.026], [3869.32, 248.033], [3869.34, 248.009], [3869.35, 51.611]], "ts_recv": 1760653232154.539, "E": 1760653232095, "U": 76543082647, "u": 76543082821, "pu": 76543081790, "latency_event_ms": 59.54, "latency_pipeline_ms": 0.0}
{"seq": 30, "timestamp": "2025-10-17T06:20:32.285000", "symbol": "ETHUSDT", "bids": [[3865.94, 3695.389], [3865.89, 0.02], [3865.18, 0.069], [3864.64, 945.778], [3864.58, 4125.074]], "asks": [[3865.95, 25.751], [3868.43, 248.117], [3868.85, 248.117], [3869.05, 248.117], [3869.29, 248.117]], "ts_recv": 1760653232345.5999, "E": 1760653232285, "U": 76543083304, "u": 76543083568, "pu": 76543082821, "latency_event_ms": 60.6, "latency_pipeline_ms": 0.0}
{"seq": 31, "timestamp": "2025-10-17T06:20:32.550000", "symbol": "ETHUSDT", "bids": [[3865.94, 3695.389], [3865.89, 0.02], [3865.18, 0.069], [3864.64, 945.778], [3864.58, 4125.074]], "asks": [[3865.95, 25.744], [3868.92, 258.6], [3869.02, 258.6], [3869.03, 258.6], [3869.05, 258.6]], "ts_recv": 1760653232610.006, "E": 1760653232550, "U": 76543084119, "u": 76543084342, "pu": 76543083568, "latency_event_ms": 60.01, "latency_pipeline_ms": 0.0}
{"seq": 32, "timestamp": "2025-10-17T06:20:33.070000", "symbol": "ETHUSDT", "bids": [[3865.94, 3695.389], [3865.89, 0.02], [3865.18, 0.069], [3864.64, 945.778], [3864.58, 4125.074]], "asks": [[3865.95, 25.736], [3868.92, 258.6], [3869.02, 258.6], [3869.03, 258.6], [3869.05, 258.6]], "ts_recv": 1760653233130.124, "E": 1760653233070, "U": 76543085760, "u": 76543086199, "pu": 76543084342, "latency_event_ms": 60.12, "latency_pipeline_ms": 0.0}
{"seq": 33, "timestamp": "2025-10-17T06:20:33.178000", "symbol": "ETHUSDT", "bids": [[3865.94, 3695.389], [3865.89, 0.02], [3865.18, 0.069], [3864.64, 945.778], [3864.58, 4125.074]], "asks": [[3865.95, 25.736], [3868.79, 258.6], [3868.94, 258.6], [3869.12, 258.6], [3869.17, 258.6]], "ts_recv": 1760653233237.525, "E": 1760653233178, "U": 76543086251, "u": 76543086415, "pu": 76543086199, "latency_event_ms": 59.52, "latency_pipeline_ms": 1.0}
{"seq": 34, "timestamp": "2025-10-17T06:20:33.341000", "symbol": "ETHUSDT", "bids": [[3865.94, 3695.389], [3865.89, 0.02], [3865.18, 0.069], [3864.64, 945.778], [3864.58, 4125.074]], "asks": [[3865.95, 25.736], [3868.79, 258.6], [3868.94, 258.6], [3869.12, 258.6], [3869.17, 258.6]], "ts_recv": 1760653233400.272, "E": 1760653233341, "U": 76543086835, "u": 76543086836, "pu": 76543086415, "latency_event_ms": 59.27, "latency_pipeline_ms": 1.0}
{"seq": 35, "timestamp": "2025-10-17T06:20:33.511000", "symbol": "ETHUSDT", "bids": [[3865.94, 3695.389], [3865.89, 0.02], [3865.18, 0.069], [3864.64, 945.778], [3864.58, 4125.074]], "asks": [[3865.95, 25.727], [3869.12, 258.4], [3869.18, 516.8], [3869.25, 258.4], [3869.31, 0.041]], "ts_recv": 1760653233570.769, "E": 1760653233511, "U": 76543087548, "u": 76543087996, "pu": 76543086836, "latency_event_ms": 59.77, "latency_pipeline_ms": 0.0}
{"seq": 36, "timestamp": "2025-10-17T06:20:33.639000", "symbol": "ETHUSDT", "bids": [[3865.94, 3695.389], [3865.89, 0.02], [3865.18, 0.069], [3864.64, 945.778], [3864.58, 4125.074]], "asks": [[3865.95, 25.727], [3869.12, 258.4], [3869.18, 516.8], [3869.21, 258.4], [3869.25, 258.4]], "ts_recv": 1760653233699.0571, "E": 1760653233639, "U": 76543088336, "u": 76543088336, "pu": 76543087996, "latency_event_ms": 60.06, "latency_pipeline_ms": 0.0}
{"seq": 37, "timestamp": "2025-10-17T06:20:34.077000", "symbol": "ETHUSDT", "bids": [[3865.94, 3695.389], [3865.89, 0.02], [3865.18, 0.069], [3864.64, 945.778], [3864.58, 4125.074]], "asks": [[3865.95, 25.72], [3868.72, 258.4], [3868.96, 516.8], [3869.11, 258.4], [3869.31, 0.041]], "ts_recv": 1760653234135.782, "E": 1760653234077, "U": 76543090266, "u": 76543090798, "pu": 76543088336, "latency_event_ms": 58.78, "latency_pipeline_ms": 0.0}
{"seq": 38, "timestamp": "2025-10-17T06:20:34.186000", "symbol": "ETHUSDT", "bids": [[3865.94, 3695.389], [3865.89, 0.02], [3865.18, 0.069], [3864.64, 945.778], [3864.58, 4125.074]], "asks": [[3865.95, 25.72], [3868.72, 258.4], [3868.96, 516.8], [3869.03, 258.4], [3869.11, 258.4]], "ts_recv": 1760653234244.577, "E": 1760653234186, "U": 76543090828, "u": 76543090828, "pu": 76543090798, "latency_event_ms": 58.58, "latency_pipeline_ms": 1.0}
{"seq": 39, "timestamp": "2025-10-17T06:20:34.346000", "symbol": "ETHUSDT", "bids": [[3865.94, 3695.389], [3865.89, 0.02], [3865.18, 0.069], [3864.64, 945.778], [3864.58, 4125.074]], "asks": [[3865.95, 25.72], [3868.72, 258.4], [3868.96, 516.8], [3869.03, 258.4], [3869.11, 258.4]], "ts_recv": 1760653234406.2668, "E": 1760653234346, "U": 76543091504, "u": 76543091505, "pu": 76543090828, "latency_event_ms": 60.27, "latency_pipeline_ms": 0.0}
{"seq": 40, "timestamp": "2025-10-17T06:20:34.532000", "symbol": "ETHUSDT", "bids": [[3865.94, 3695.389], [3865.89, 0.02], [3865.18, 0.069], [3864.64, 945.778], [3864.58, 4125.074]], "asks": [[3865.95, 25.711], [3869.12, 148.829], [3869.19, 148.829], [3869.2, 148.829], [3869.32, 248.058]], "ts_recv": 1760653234590.323, "E": 1760653234532, "U": 76543092083, "u": 76543092438, "pu": 76543091505, "latency_event_ms": 58.32, "latency_pipeline_ms": 0.0}
{"seq": 41, "timestamp": "2025-10-17T06:20:34.652000", "symbol": "ETHUSDT", "bids": [[3865.94, 3695.389], [3865.89, 0.02], [3865.18, 0.069], [3864.64, 945.778], [3864.58, 4125.074]], "asks": [[3865.95, 25.711], [3869.05, 148.829], [3869.12, 148.829], [3869.19, 297.658], [3869.2, 148.829]], "ts_recv": 1760653234712.146, "E": 1760653234652, "U": 76543092494, "u": 76543092556, "pu": 76543092438, "latency_event_ms": 60.15, "latency_pipeline_ms": 0.0}
{"seq": 42, "timestamp": "2025-10-17T06:20:35.133000", "symbol": "ETHUSDT", "bids": [[3865.94, 3695.389], [3865.89, 0.02], [3865.18, 0.069], [3864.64, 945.778], [3864.58, 4125.074]], "asks": [[3865.95, 25.701], [3868.9, 148.829], [3869.03, 148.829], [3869.17, 148.829], [3869.32, 248.068]], "ts_recv": 1760653235192.603, "E": 1760653235133, "U": 76543094539, "u": 76543095123, "pu": 76543092556, "latency_event_ms": 59.6, "latency_pipeline_ms": 1.0}
{"seq": 43, "timestamp": "2025-10-17T06:20:35.254000", "symbol": "ETHUSDT", "bids": [[3865.94, 3695.389], [3865.89, 0.02], [3865.18, 0.069], [3864.64, 945.778], [3864.58, 4125.074]], "asks": [[3865.95, 25.701], [3868.9, 148.829], [3869.03, 148.829], [3869.06, 297.658], [3869.17, 148.829]], "ts_recv": 1760653235312.9512, "E": 1760653235254, "U": 76543095347, "u": 76543095620, "pu": 76543095123, "latency_event_ms": 58.95, "latency_pipeline_ms": 0.0}
{"seq": 44, "timestamp": "2025-10-17T06:20:35.402000", "symbol": "ETHUSDT", "bids": [[3865.94, 3695.389], [3865.89, 0.02], [3865.18, 0.069], [3864.64, 945.778], [3864.58, 4125.074]], "asks": [[3865.95, 25.701], [3868.9, 148.829], [3869.03, 148.829], [3869.06, 297.658], [3869.17, 148.829]], "ts_recv": 1760653235461.978, "E": 1760653235402, "U": 76543096580, "u": 76543096581, "pu": 76543095620, "latency_event_ms": 59.98, "latency_pipeline_ms": 0.0}
{"seq": 45, "timestamp": "2025-10-17T06:20:35.520000", "symbol": "ETHUSDT", "bids": [[3865.94, 3695.389], [3865.89, 0.02], [3865.18, 0.069], [3864.64, 945.778], [3864.58, 4125.074]], "asks": [[3865.95, 25.691], [3868.78, 148.908], [3868.96, 148.908], [3869.25, 297.816], [3869.32, 248.078]], "ts_recv": 1760653235579.97, "E": 1760653235520, "U": 76543097120, "u": 76543097729, "pu": 76543096581, "latency_event_ms": 59.97, "latency_pipeline_ms": 0.0}
{"seq": 46, "timestamp": "2025-10-17T06:20:36.084000", "symbol": "ETHUSDT", "bids": [[3865.94, 3695.389], [3865.89, 0.02], [3865.18, 0.069], [3864.64, 945.778], [3864.58, 4125.074]], "asks": [[3865.95, 25.682], [3869.09, 208.828], [3869.13, 208.828], [3869.17, 208.828], [3869.23, 208.828]], "ts_recv": 1760653236143.1528, "E": 1760653236084, "U": 76543100546, "u": 76543101929, "pu": 76543097729, "latency_event_ms": 59.15, "latency_pipeline_ms": 0.0}
{"seq": 47, "timestamp": "2025-10-17T06:20:36.356000", "symbol": "ETHUSDT", "bids": [[3865.94, 3695.389], [3865.89, 0.02], [3865.18, 0.069], [3864.64, 945.778], [3864.58, 4125.074]], "asks": [[3865.95, 25.682], [3869.09, 208.828], [3869.13, 208.828], [3869.17, 208.828], [3869.23, 208.828]], "ts_recv": 1760653236416.1438, "E": 1760653236356, "U": 76543103139, "u": 76543103140, "pu": 76543101929, "latency_event_ms": 60.14, "latency_pipeline_ms": 0.0}
{"seq": 48, "timestamp": "2025-10-17T06:20:36.543000", "symbol": "ETHUSDT", "bids": [[3865.94, 3695.389], [3865.89, 0.02], [3865.18, 0.069], [3864.64, 945.778], [3864.58, 4125.074]], "asks": [[3865.95, 25.675], [3869.11, 258.4], [3869.25, 258.4], [3869.32, 248.087], [3869.33, 148.908]], "ts_recv": 1760653236601.572, "E": 1760653236543, "U": 76543104399, "u": 76543105141, "pu": 76543103140, "latency_event_ms": 58.57, "latency_pipeline_ms": 0.0}
{"seq": 49, "timestamp": "2025-10-17T06:20:36.651000", "symbol": "ETHUSDT", "bids": [[3865.94, 3695.389], [3865.89, 0.02], [3865.18, 0.069], [3864.64, 945.778], [3864.58, 4125.074]], "asks": [[3865.95, 25.675], [3869.11, 258.4], [3869.25, 258.4], [3869.3, 258.4], [3869.32, 506.487]], "ts_recv": 1760653236710.403, "E": 1760653236651, "U": 76543105182, "u": 76543105222, "pu": 76543105141, "latency_event_ms": 59.4, "latency_pipeline_ms": 1.0}
{"seq": 1, "timestamp": "2025-10-17T06:27:12.872000", "symbol": "ETHUSDT", "bids": [[3874.49, 0.048], [3874.48, 25.829], [3874.46, 39.699], [3874.44, 0.02], [3874.28, 39.563]], "asks": [[3874.72, 0.006], [3874.73, 6502.218], [3874.74, 644.444], [3874.75, 1934.321], [3874.8, 0.006]], "ts_recv": 1760653632934.0142, "E": 1760653632872, "U": 76545422107, "u": 76545422739, "pu": null, "latency_event_ms": 62.01, "latency_pipeline_ms": 0.0}
{"seq": 2, "timestamp": "2025-10-17T06:27:12.976000", "symbol": "ETHUSDT", "bids": [[3874.49, 0.066], [3874.48, 25.829], [3874.46, 39.699], [3874.44, 0.02], [3874.28, 39.563]], "asks": [[3874.72, 0.006], [3874.73, 5788.588], [3874.74, 644.444], [3874.75, 1934.321], [3874.8, 0.006]], "ts_recv": 1760653633037.8972, "E": 1760653632976, "U": 76545422758, "u": 76545423171, "pu": 76545422739, "latency_event_ms": 61.9, "latency_pipeline_ms": 0.0}
{"seq": 3, "timestamp": "2025-10-17T06:27:13.086000", "symbol": "ETHUSDT", "bids": [[3874.49, 0.072], [3874.48, 25.829], [3874.46, 39.699], [3874.44, 0.02], [3874.28, 39.563]], "asks": [[3874.73, 4834.911], [3874.74, 644.444], [3874.75, 1934.321], [3874.8, 0.014], [3874.84, 3190.082]], "ts_recv": 1760653633147.0498, "E": 1760653633086, "U": 76545423222, "u": 76545423771, "pu": 76545423171, "latency_event_ms": 61.05, "latency_pipeline_ms": 0.0}
{"seq": 4, "timestamp": "2025-10-17T06:27:13.190000", "symbol": "ETHUSDT", "bids": [[3874.49, 0.084], [3874.48, 25.829], [3874.46, 39.699], [3874.44, 0.02], [3874.28, 39.563]], "asks": [[3874.72, 0.006], [3874.73, 4593.07], [3874.74, 644.444], [3874.75, 1934.321], [3874.8, 0.014]], "ts_recv": 1760653633252.398, "E": 1760653633190, "U": 76545423790, "u": 76545423886, "pu": 76545423771, "latency_event_ms": 62.4, "latency_pipeline_ms": 0.0}
{"seq": 5, "timestamp": "2025-10-17T06:27:13.397000", "symbol": "ETHUSDT", "bids": [[3874.49, 0.084], [3874.48, 25.829], [3874.46, 39.699], [3874.44, 0.04], [3874.28, 39.563]], "asks": [[3874.72, 0.006], [3874.73, 4593.07], [3874.74, 644.444], [3874.75, 1934.321], [3874.8, 0.014]], "ts_recv": 1760653633460.458, "E": 1760653633397, "U": 76545424463, "u": 76545424463, "pu": 76545423886, "latency_event_ms": 63.46, "latency_pipeline_ms": 0.0}
{"seq": 6, "timestamp": "2025-10-17T06:27:15.106000", "symbol": "ETHUSDT", "bids": [[3874.49, 0.006], [3874.48, 25.526], [3874.46, 39.699], [3874.44, 0.04], [3874.28, 39.563]], "asks": [[3874.72, 0.012], [3874.73, 4593.07], [3874.74, 644.444], [3874.75, 1934.321], [3874.8, 0.014]], "ts_recv": 1760653635167.237, "E": 1760653635106, "U": 76545429864, "u": 76545429887, "pu": 76545424463, "latency_event_ms": 61.24, "latency_pipeline_ms": 0.0}
{"seq": 7, "timestamp": "2025-10-17T06:27:15.786000", "symbol": "ETHUSDT", "bids": [[3874.49, 0.006], [3874.48, 25.526], [3874.46, 39.699], [3874.44, 0.04], [3874.28, 39.563]], "asks": [[3874.73, 3397.423], [3874.74, 644.444], [3874.75, 1934.321], [3874.8, 0.027], [3874.84, 3190.082]], "ts_recv": 1760653635847.189, "E": 1760653635786, "U": 76545432017, "u": 76545432323, "pu": 76545429887, "latency_event_ms": 61.19, "latency_pipeline_ms": 0.0}
{"seq": 8, "timestamp": "2025-10-17T06:27:15.906000", "symbol": "ETHUSDT", "bids": [[3874.49, 0.006], [3874.48, 25.526], [3874.46, 39.699], [3874.44, 0.04], [3874.28, 39.563]], "asks": [[3874.73, 3397.423], [3874.74, 644.444], [3874.75, 1934.321], [3874.8, 1289.732], [3874.84, 3190.082]], "ts_recv": 1760653635967.65, "E": 1760653635906, "U": 76545432393, "u": 76545432591, "pu": 76545432323, "latency_event_ms": 61.65, "latency_pipeline_ms": 0.0}
{"seq": 9, "timestamp": "2025-10-17T06:27:16.051000", "symbol": "ETHUSDT", "bids": [[3874.49, 0.006], [3874.48, 25.526], [3874.46, 39.699], [3874.44, 0.02], [3874.28, 39.563]], "asks": [[3874.73, 2201.702], [3874.74, 644.444], [3874.75, 1934.321], [3874.8, 1289.74], [3874.84, 3190.082]], "ts_recv": 1760653636111.564, "E": 1760653636051, "U": 76545432838, "u": 76545433181, "pu": 76545432591, "latency_event_ms": 60.56, "latency_pipeline_ms": 0.0}
{"seq": 10, "timestamp": "2025-10-17T06:27:16.172000", "symbol": "ETHUSDT", "bids": [[3874.49, 0.006], [3874.48, 25.526], [3874.46, 39.699], [3874.44, 0.02], [3874.28, 39.563]], "asks": [[3874.73, 2201.702], [3874.74, 644.444], [3874.75, 1934.321], [3874.79, 257.941], [3874.8, 2321.504]], "ts_recv": 1760653636234.356, "E": 1760653636172, "U": 76545433287, "u": 76545433583, "pu": 76545433181, "latency_event_ms": 62.36, "latency_pipeline_ms": 0.0}
{"seq": 11, "timestamp": "2025-10-17T06:27:18.633000", "symbol": "ETHUSDT", "bids": [[3874.49, 0.006], [3874.48, 25.526], [3874.46, 39.699], [3874.44, 0.02], [3874.28, 39.563]], "asks": [[3874.73, 1004.218], [3874.74, 644.444], [3874.75, 1934.321], [3874.79, 257.941], [3874.8, 2321.504]], "ts_recv": 1760653638695.6501, "E": 1760653638633, "U": 76545439737, "u": 76545440043, "pu": 76545433583, "latency_event_ms": 62.65, "latency_pipeline_ms": 0.0}
{"seq": 12, "timestamp": "2025-10-17T06:27:18.902000", "symbol": "ETHUSDT", "bids": [[3874.49, 0.006], [3874.48, 25.526], [3874.46, 39.699], [3874.44, 0.02], [3874.28, 39.563]], "asks": [[3874.73, 1004.218], [3874.74, 644.444], [3874.75, 1934.321], [3874.79, 257.941], [3874.8, 2321.504]], "ts_recv": 1760653638963.843, "E": 1760653638902, "U": 76545440476, "u": 76545440477, "pu": 76545440043, "latency_event_ms": 61.84, "latency_pipeline_ms": 0.0}
{"seq": 13, "timestamp": "2025-10-17T06:27:19.030000", "symbol": "ETHUSDT", "bids": [[3874.49, 0.006], [3874.48, 25.526], [3874.46, 39.699], [3874.44, 0.02], [3874.28, 39.563]], "asks": [[3874.74, 449.904], [3874.75, 1934.321], [3874.79, 257.941], [3874.8, 2321.504], [3874.84, 3190.082]], "ts_recv": 1760653639092.661, "E": 1760653639030, "U": 76545440812, "u": 76545441099, "pu": 76545440477, "latency_event_ms": 62.66, "latency_pipeline_ms": 0.0}
{"seq": 14, "timestamp": "2025-10-17T06:27:21.422000", "symbol": "ETHUSDT", "bids": [[3874.49, 0.012], [3874.48, 25.526], [3874.46, 39.699], [3874.44, 0.02], [3874.28, 39.563]], "asks": [[3874.73, 0.006], [3874.74, 449.904], [3874.75, 1934.321], [3874.79, 257.941], [3874.8, 2321.504]], "ts_recv": 1760653641483.8591, "E": 1760653641422, "U": 76545452139, "u": 76545452147, "pu": 76545441099, "latency_event_ms": 61.86, "latency_pipeline_ms": 0.0}
{"seq": 15, "timestamp": "2025-10-17T06:27:21.697000", "symbol": "ETHUSDT", "bids": [[3874.49, 0.018], [3874.48, 25.526], [3874.46, 39.699], [3874.44, 0.02], [3874.28, 39.563]], "asks": [[3874.73, 0.006], [3874.74, 449.897], [3874.75, 1934.321], [3874.79, 257.941], [3874.8, 2321.504]], "ts_recv": 1760653641759.285, "E": 1760653641697, "U": 76545453540, "u": 76545454307, "pu": 76545452147, "latency_event_ms": 62.28, "latency_pipeline_ms": 0.0}
{"seq": 16, "timestamp": "2025-10-17T06:27:21.837000", "symbol": "ETHUSDT", "bids": [[3874.49, 0.036], [3874.48, 25.526], [3874.46, 39.699], [3874.44, 0.02], [3874.28, 39.563]], "asks": [[3874.74, 0.006], [3874.75, 1188.95], [3874.79, 257.941], [3874.8, 2321.504], [3874.84, 3190.082]], "ts_recv": 1760653641899.509, "E": 1760653641837, "U": 76545454781, "u": 76545455294, "pu": 76545454307, "latency_event_ms": 62.51, "latency_pipeline_ms": 0.0}
{"seq": 17, "timestamp": "2025-10-17T06:27:24.929000", "symbol": "ETHUSDT", "bids": [[3874.49, 0.042], [3874.48, 25.526], [3874.46, 39.699], [3874.44, 0.02], [3874.28, 39.563]], "asks": [[3874.79, 244.874], [3874.8, 2321.504], [3874.84, 3190.082], [3874.86, 229.531], [3874.92, 430.284]], "ts_recv": 1760653644991.009, "E": 1760653644929, "U": 76545471912, "u": 76545472458, "pu": 76545455294, "latency_event_ms": 62.01, "latency_pipeline_ms": 0.0}
{"seq": 18, "timestamp": "2025-10-17T06:27:25.142000", "symbol": "ETHUSDT", "bids": [[3874.49, 0.042], [3874.48, 25.526], [3874.46, 39.699], [3874.44, 0.02], [3874.28, 39.563]], "asks": [[3874.8, 1805.601], [3874.84, 3190.082], [3874.86, 229.531], [3874.92, 430.284], [3874.93, 2580.022]], "ts_recv": 1760653645203.35, "E": 1760653645142, "U": 76545473249, "u": 76545473590, "pu": 76545472458, "latency_event_ms": 61.35, "latency_pipeline_ms": 0.0}
{"seq": 19, "timestamp": "2025-10-17T06:27:26.471000", "symbol": "ETHUSDT", "bids": [[3874.49, 0.042], [3874.48, 25.526], [3874.46, 39.699], [3874.44, 0.02], [3874.28, 39.563]], "asks": [[3874.73, 0.007], [3874.8, 1805.601], [3874.84, 3190.082], [3874.86, 229.531], [3874.92, 430.284]], "ts_recv": 1760653646533.4648, "E": 1760653646471, "U": 76545480246, "u": 76545480246, "pu": 76545473590, "latency_event_ms": 62.46, "latency_pipeline_ms": 0.0}
{"seq": 20, "timestamp": "2025-10-17T06:27:26.741000", "symbol": "ETHUSDT", "bids": [[3874.49, 0.042], [3874.48, 25.526], [3874.46, 39.699], [3874.44, 0.02], [3874.28, 39.563]], "asks": [[3874.73, 0.007], [3874.8, 1805.601], [3874.84, 3190.082], [3874.86, 229.531], [3874.92, 430.284]], "ts_recv": 1760653646803.47, "E": 1760653646741, "U": 76545481892, "u": 76545481893, "pu": 76545480246, "latency_event_ms": 62.47, "latency_pipeline_ms": 0.0}
{"seq": 21, "timestamp": "2025-10-17T06:27:28.433000", "symbol": "ETHUSDT", "bids": [[3874.49, 0.042], [3874.48, 25.526], [3874.46, 39.699], [3874.44, 0.02], [3874.28, 39.563]], "asks": [[3874.8, 607.746], [3874.84, 3190.082], [3874.86, 229.531], [3874.92, 430.284], [3874.93, 2580.022]], "ts_recv": 1760653648495.167, "E": 1760653648433, "U": 76545492240, "u": 76545492848, "pu": 76545481893, "latency_event_ms": 62.17, "latency_pipeline_ms": 0.0}
{"seq": 22, "timestamp": "2025-10-17T06:27:28.567000", "symbol": "ETHUSDT", "bids": [[3874.49, 0.042], [3874.48, 25.526], [3874.46, 39.699], [3874.44, 0.02], [3874.28, 39.563]], "asks": [[3874.84, 2674.082], [3874.86, 229.531], [3874.92, 430.284], [3874.93, 2580.022], [3874.97, 860.568]], "ts_recv": 1760653648629.236, "E": 1760653648567, "U": 76545493037, "u": 76545493676, "pu": 76545492848, "latency_event_ms": 62.24, "latency_pipeline_ms": 0.0}
{"seq": 23, "timestamp": "2025-10-17T06:27:28.841000", "symbol": "ETHUSDT", "bids": [[3874.49, 0.042], [3874.48, 25.526], [3874.46, 39.699], [3874.44, 0.02], [3874.28, 39.563]], "asks": [[3874.84, 2674.067], [3874.86, 229.531], [3874.92, 430.284], [3874.93, 2580.022], [3874.97, 860.568]], "ts_recv": 1760653648902.548, "E": 1760653648841, "U": 76545494722, "u": 76545495258, "pu": 76545493676, "latency_event_ms": 61.55, "latency_pipeline_ms": 0.0}
{"seq": 24, "timestamp": "2025-10-17T06:27:28.950000", "symbol": "ETHUSDT", "bids": [[3874.49, 0.042], [3874.48, 25.526], [3874.46, 39.699], [3874.44, 0.02], [3874.28, 39.563]], "asks": [[3874.86, 67.643], [3874.92, 430.284], [3874.93, 2580.022], [3874.97, 860.568], [3874.99, 4519.726]], "ts_recv": 1760653649012.361, "E": 1760653648950, "U": 76545495382, "u": 76545495978, "pu": 76545495258, "latency_event_ms": 62.36, "latency_pipeline_ms": 0.0}
{"seq": 25, "timestamp": "2025-10-17T06:27:30.954000", "symbol": "ETHUSDT", "bids": [[3874.74, 0.048], [3874.73, 12.441], [3874.48, 25.526], [3874.46, 39.699], [3874.44, 0.02]], "asks": [[3874.85, 0.006], [3874.86, 67.643], [3874.92, 430.284], [3874.93, 2580.022], [3874.97, 860.568]], "ts_recv": 1760653651016.5278, "E": 1760653650954, "U": 76545505830, "u": 76545506154, "pu": 76545495978, "latency_event_ms": 62.53, "latency_pipeline_ms": 0.0}
{"seq": 26, "timestamp": "2025-10-17T06:27:31.228000", "symbol": "ETHUSDT", "bids": [[3874.74, 0.048], [3874.73, 12.441], [3874.68, 0.02], [3874.48, 25.526], [3874.46, 39.699]], "asks": [[3874.85, 0.006], [3874.86, 67.643], [3874.92, 430.284], [3874.93, 2580.022], [3874.97, 860.568]], "ts_recv": 1760653651290.8162, "E": 1760653651228, "U": 76545507205, "u": 76545507206, "pu": 76545506154, "latency_event_ms": 62.82, "latency_pipeline_ms": 0.0}
{"seq": 27, "timestamp": "2025-10-17T06:27:31.818000", "symbol": "ETHUSDT", "bids": [[3874.74, 0.072], [3874.73, 12.441], [3874.68, 0.02], [3874.48, 25.526], [3874.46, 39.699]], "asks": [[3874.93, 1385.751], [3874.97, 860.568], [3874.99, 4519.726], [3875.03, 203.663], [3875.06, 216.354]], "ts_recv": 1760653651880.21, "E": 1760653651818, "U": 76545510266, "u": 76545510800, "pu": 76545507206, "latency_event_ms": 62.21, "latency_pipeline_ms": 0.0}
{"seq": 28, "timestamp": "2025-10-17T06:27:31.927000", "symbol": "ETHUSDT", "bids": [[3874.74, 0.084], [3874.73, 12.441], [3874.68, 0.02], [3874.48, 25.526], [3874.46, 39.699]], "asks": [[3874.92, 0.006], [3874.93, 1385.742], [3874.97, 860.568], [3874.99, 4519.726], [3875.03, 203.663]], "ts_recv": 1760653651989.368, "E": 1760653651927, "U": 76545510942, "u": 76545511324, "pu": 76545510800, "latency_event_ms": 62.37, "latency_pipeline_ms": 0.0}
{"seq": 29, "timestamp": "2025-10-17T06:27:32.049000", "symbol": "ETHUSDT", "bids": [[3874.74, 0.102], [3874.73, 12.441], [3874.68, 0.02], [3874.48, 25.526], [3874.46, 39.699]], "asks": [[3874.92, 0.006], [3874.93, 161.349], [3874.97, 860.568], [3874.99, 4519.726], [3875.03, 203.663]], "ts_recv": 1760653652111.343, "E": 1760653652049, "U": 76545511503, "u": 76545511842, "pu": 76545511324, "latency_event_ms": 62.34, "latency_pipeline_ms": 0.0}
{"seq": 30, "timestamp": "2025-10-17T06:27:32.267000", "symbol": "ETHUSDT", "bids": [[3874.74, 0.102], [3874.73, 12.441], [3874.69, 0.02], [3874.48, 25.526], [3874.46, 39.699]], "asks": [[3874.92, 0.006], [3874.93, 161.349], [3874.97, 860.568], [3874.99, 4519.726], [3875.03, 203.663]], "ts_recv": 1760653652329.8708, "E": 1760653652267, "U": 76545512597, "u": 76545512684, "pu": 76545511842, "latency_event_ms": 62.87, "latency_pipeline_ms": 0.0}
{"seq": 31, "timestamp": "2025-10-17T06:27:34.154000", "symbol": "ETHUSDT", "bids": [[3874.74, 0.108], [3874.73, 12.441], [3874.69, 0.02], [3874.48, 25.526], [3874.46, 39.699]], "asks": [[3874.92, 0.006], [3874.93, 142.029], [3874.97, 860.568], [3874.99, 4519.726], [3875.03, 203.663]], "ts_recv": 1760653654217.553, "E": 1760653654154, "U": 76545519023, "u": 76545519082, "pu": 76545512684, "latency_event_ms": 63.55, "latency_pipeline_ms": 0.0}
{"seq": 32, "timestamp": "2025-10-17T06:27:34.841000", "symbol": "ETHUSDT", "bids": [[3874.94, 0.108], [3874.93, 1088.243], [3874.73, 12.441], [3874.69, 0.02], [3874.48, 25.526]], "asks": [[3874.97, 860.568], [3874.99, 4519.726], [3875.03, 203.663], [3875.06, 216.354], [3875.09, 131.258]], "ts_recv": 1760653654902.926, "E": 1760653654841, "U": 76545521222, "u": 76545521617, "pu": 76545519082, "latency_event_ms": 61.93, "latency_pipeline_ms": 0.0}
{"seq": 33, "timestamp": "2025-10-17T06:27:34.980000", "symbol": "ETHUSDT", "bids": [[3874.94, 0.099], [3874.93, 2311.012], [3874.73, 12.441], [3874.69, 0.02], [3874.48, 25.526]], "asks": [[3874.97, 860.568], [3874.99, 4519.726], [3875.03, 203.663], [3875.06, 216.354], [3875.09, 131.258]], "ts_recv": 1760653655041.8142, "E": 1760653654980, "U": 76545521873, "u": 76545522554, "pu": 76545521617, "latency_event_ms": 61.81, "latency_pipeline_ms": 0.0}
{"seq": 34, "timestamp": "2025-10-17T06:27:35.084000", "symbol": "ETHUSDT", "bids": [[3874.94, 0.099], [3874.93, 3538.969], [3874.88, 0.02], [3874.73, 12.441], [3874.48, 25.526]], "asks": [[3874.97, 860.568], [3874.99, 4519.726], [3875.03, 203.663], [3875.06, 216.354], [3875.09, 131.258]], "ts_recv": 1760653655146.449, "E": 1760653655084, "U": 76545522592, "u": 76545522777, "pu": 76545522554, "latency_event_ms": 62.45, "latency_pipeline_ms": 0.0}
{"seq": 35, "timestamp": "2025-10-17T06:27:37.858000", "symbol": "ETHUSDT", "bids": [[3874.94, 0.091], [3874.93, 2313.475], [3874.92, 0.008], [3874.9, 254.597], [3874.88, 0.02]], "asks": [[3874.97, 860.568], [3874.99, 4519.726], [3875.03, 203.663], [3875.06, 216.354], [3875.09, 131.258]], "ts_recv": 1760653657920.794, "E": 1760653657858, "U": 76545538197, "u": 76545538783, "pu": 76545522777, "latency_event_ms": 62.79, "latency_pipeline_ms": 0.0}
{"seq": 36, "timestamp": "2025-10-17T06:27:38.003000", "symbol": "ETHUSDT", "bids": [[3874.94, 0.091], [3874.93, 2567.194], [3874.92, 0.008], [3874.91, 251.992], [3874.9, 254.597]], "asks": [[3874.97, 860.568], [3874.99, 4519.726], [3875.03, 203.663], [3875.06, 216.354], [3875.09, 131.258]], "ts_recv": 1760653658065.102, "E": 1760653658003, "U": 76545539100, "u": 76545539505, "pu": 76545538783, "latency_event_ms": 62.1, "latency_pipeline_ms": 0.0}
{"seq": 37, "timestamp": "2025-10-17T06:27:40.804000", "symbol": "ETHUSDT", "bids": [[3874.94, 0.091], [3874.93, 2567.194], [3874.92, 0.008], [3874.91, 251.992], [3874.9, 254.597]], "asks": [[3874.99, 3612.018], [3875.03, 203.663], [3875.06, 216.354], [3875.09, 131.258], [3875.1, 216.354]], "ts_recv": 1760653660865.4731, "E": 1760653660804, "U": 76545556387, "u": 76545556895, "pu": 76545539505, "latency_event_ms": 61.47, "latency_pipeline_ms": 0.0}
{"seq": 38, "timestamp": "2025-10-17T06:27:40.954000", "symbol": "ETHUSDT", "bids": [[3874.94, 0.091], [3874.93, 2567.194], [3874.92, 0.008], [3874.91, 251.992], [3874.9, 254.597]], "asks": [[3874.99, 2322.011], [3875.03, 203.663], [3875.06, 216.354], [3875.09, 131.258], [3875.1, 216.354]], "ts_recv": 1760653661015.455, "E": 1760653660954, "U": 76545557368, "u": 76545557742, "pu": 76545556895, "latency_event_ms": 61.46, "latency_pipeline_ms": 0.0}
{"seq": 39, "timestamp": "2025-10-17T06:27:41.228000", "symbol": "ETHUSDT", "bids": [[3874.94, 0.091], [3874.93, 2567.194], [3874.92, 0.008], [3874.91, 251.992], [3874.9, 254.597]], "asks": [[3874.99, 2322.011], [3875.03, 203.663], [3875.06, 216.354], [3875.09, 131.258], [3875.1, 216.354]], "ts_recv": 1760653661289.2202, "E": 1760653661228, "U": 76545559243, "u": 76545559245, "pu": 76545557742, "latency_event_ms": 61.22, "latency_pipeline_ms": 0.0}
{"seq": 40, "timestamp": "2025-10-17T06:27:43.750000", "symbol": "ETHUSDT", "bids": [[3874.94, 0.091], [3874.93, 2567.194], [3874.92, 0.008], [3874.91, 251.992], [3874.9, 254.597]], "asks": [[3874.99, 1289.994], [3875.03, 203.663], [3875.06, 216.354], [3875.09, 131.258], [3875.1, 216.354]], "ts_recv": 1760653663810.504, "E": 1760653663750, "U": 76545576390, "u": 76545577001, "pu": 76545559245, "latency_event_ms": 60.5, "latency_pipeline_ms": 0.0}
{"seq": 41, "timestamp": "2025-10-17T06:27:43.962000", "symbol": "ETHUSDT", "bids": [[3874.94, 0.091], [3874.93, 2567.194], [3874.92, 0.008], [3874.91, 251.992], [3874.9, 254.597]], "asks": [[3875.03, 203.663], [3875.06, 216.354], [3875.09, 131.258], [3875.1, 216.354], [3875.18, 46.546]], "ts_recv": 1760653664023.956, "E": 1760653663962, "U": 76545577785, "u": 76545578361, "pu": 76545577001, "latency_event_ms": 61.96, "latency_pipeline_ms": 0.0}
{"seq": 42, "timestamp": "2025-10-17T06:27:44.237000", "symbol": "ETHUSDT", "bids": [[3874.94, 0.091], [3874.93, 2567.194], [3874.92, 0.008], [3874.91, 251.992], [3874.9, 254.597]], "asks": [[3875.03, 203.663], [3875.06, 216.354], [3875.09, 131.258], [3875.1, 216.354], [3875.18, 46.546]], "ts_recv": 1760653664299.396, "E": 1760653664237, "U": 76545579730, "u": 76545579732, "pu": 76545578361, "latency_event_ms": 62.4, "latency_pipeline_ms": 0.0}
{"seq": 43, "timestamp": "2025-10-17T06:27:46.622000", "symbol": "ETHUSDT", "bids": [[3874.94, 0.091], [3874.93, 2567.194], [3874.92, 0.008], [3874.91, 251.992], [3874.9, 254.597]], "asks": [[3875.16, 258.0], [3875.18, 1032.0], [3875.19, 59.704], [3875.2, 0.01], [3875.21, 5208.592]], "ts_recv": 1760653666684.085, "E": 1760653666622, "U": 76545595684, "u": 76545596694, "pu": 76545579732, "latency_event_ms": 62.09, "latency_pipeline_ms": 0.0}
{"seq": 44, "timestamp": "2025-10-17T06:27:46.942000", "symbol": "ETHUSDT", "bids": [[3874.94, 0.091], [3874.93, 2567.194], [3874.92, 0.008], [3874.91, 251.992], [3874.9, 254.597]], "asks": [[3875.18, 1290.0], [3875.19, 59.704], [3875.2, 0.023], [3875.21, 5208.592], [3875.22, 1422.271]], "ts_recv": 1760653667004.4402, "E": 1760653666942, "U": 76545598481, "u": 76545599094, "pu": 76545596694, "latency_event_ms": 62.44, "latency_pipeline_ms": 0.0}
{"seq": 45, "timestamp": "2025-10-17T06:27:47.084000", "symbol": "ETHUSDT", "bids": [[3874.94, 0.091], [3874.93, 2567.194], [3874.92, 0.008], [3874.91, 251.992], [3874.9, 254.597]], "asks": [[3875.19, 59.704], [3875.2, 0.031], [3875.21, 5208.592], [3875.22, 1422.271], [3875.23, 2580.027]], "ts_recv": 1760653667146.328, "E": 1760653667084, "U": 76545599664, "u": 76545600243, "pu": 76545599094, "latency_event_ms": 62.33, "latency_pipeline_ms": 0.0}
{"seq": 46, "timestamp": "2025-10-17T06:27:47.203000", "symbol": "ETHUSDT", "bids": [[3874.94, 0.091], [3874.93, 2567.194], [3874.92, 0.008], [3874.91, 251.992], [3874.9, 254.597]], "asks": [[3875.18, 1290.0], [3875.2, 0.031], [3875.21, 5208.592], [3875.22, 1422.271], [3875.23, 2580.027]], "ts_recv": 1760653667264.956, "E": 1760653667203, "U": 76545600699, "u": 76545600932, "pu": 76545600243, "latency_event_ms": 61.96, "latency_pipeline_ms": 0.0}
{"seq": 47, "timestamp": "2025-10-17T06:27:49.094000", "symbol": "ETHUSDT", "bids": [[3874.93, 2566.898], [3874.92, 0.008], [3874.91, 251.992], [3874.9, 254.597], [3874.89, 0.04]], "asks": [[3875.18, 1290.0], [3875.2, 0.031], [3875.21, 5208.592], [3875.22, 1422.271], [3875.23, 2580.027]], "ts_recv": 1760653669156.668, "E": 1760653669094, "U": 76545613348, "u": 76545613348, "pu": 76545600932, "latency_event_ms": 62.67, "latency_pipeline_ms": 0.0}
{"seq": 48, "timestamp": "2025-10-17T06:27:49.612000", "symbol": "ETHUSDT", "bids": [[3874.93, 2566.898], [3874.92, 0.008], [3874.91, 251.992], [3874.9, 254.597], [3874.89, 0.04]], "asks": [[3875.2, 0.031], [3875.21, 5208.592], [3875.22, 1422.271], [3875.23, 2580.027], [3875.26, 157.018]], "ts_recv": 1760653669674.907, "E": 1760653669612, "U": 76545617574, "u": 76545618134, "pu": 76545613348, "latency_event_ms": 62.91, "latency_pipeline_ms": 0.0}
{"seq": 49, "timestamp": "2025-10-17T06:27:49.884000", "symbol": "ETHUSDT", "bids": [[3874.93, 2566.898], [3874.92, 0.008], [3874.91, 251.992], [3874.9, 254.597], [3874.88, 252.584]], "asks": [[3875.2, 0.02], [3875.21, 5208.592], [3875.22, 1422.271], [3875.23, 2580.027], [3875.26, 157.018]], "ts_recv": 1760653669946.6392, "E": 1760653669884, "U": 76545619549, "u": 76545620283, "pu": 76545618134, "latency_event_ms": 62.64, "latency_pipeline_ms": 0.0}
{"seq": 50, "timestamp": "2025-10-17T06:27:50.006000", "symbol": "ETHUSDT", "bids": [[3874.93, 2566.898], [3874.92, 0.008], [3874.91, 251.992], [3874.9, 254.597], [3874.88, 252.584]], "asks": [[3875.21, 4692.178], [3875.22, 1422.271], [3875.23, 2580.027], [3875.26, 157.018], [3875.27, 157.018]], "ts_recv": 1760653670068.2932, "E": 1760653670006, "U": 76545620441, "u": 76545621082, "pu": 76545620283, "latency_event_ms": 62.29, "latency_pipeline_ms": 0.0}
{"seq": 51, "timestamp": "2025-10-17T06:27:50.111000", "symbol": "ETHUSDT", "bids": [[3874.93, 2566.898], [3874.92, 0.008], [3874.91, 251.992], [3874.9, 254.597], [3874.88, 252.584]], "asks": [[3875.21, 3871.024], [3875.22, 1422.271], [3875.23, 2580.027], [3875.26, 157.018], [3875.27, 157.018]], "ts_recv": 1760653670174.18, "E": 1760653670111, "U": 76545621204, "u": 76545621507, "pu": 76545621082, "latency_event_ms": 63.18, "latency_pipeline_ms": 0.0}
{"seq": 52, "timestamp": "2025-10-17T06:27:50.356000", "symbol": "ETHUSDT", "bids": [[3874.93, 2566.898], [3874.92, 0.008], [3874.91, 251.992], [3874.9, 254.597], [3874.88, 252.584]], "asks": [[3875.21, 3871.024], [3875.22, 1422.271], [3875.23, 2580.027], [3875.26, 157.018], [3875.27, 157.018]], "ts_recv": 1760653670416.883, "E": 1760653670356, "U": 76545623027, "u": 76545623200, "pu": 76545621507, "latency_event_ms": 60.88, "latency_pipeline_ms": 0.0}
{"seq": 53, "timestamp": "2025-10-17T06:27:52.464000", "symbol": "ETHUSDT", "bids": [[3874.93, 2566.898], [3874.92, 0.008], [3874.91, 251.992], [3874.9, 254.597], [3874.88, 252.584]], "asks": [[3875.21, 3871.016], [3875.22, 1422.271], [3875.23, 2580.027], [3875.26, 157.018], [3875.27, 157.018]], "ts_recv": 1760653672526.942, "E": 1760653672464, "U": 76545639326, "u": 76545639943, "pu": 76545623200, "latency_event_ms": 62.94, "latency_pipeline_ms": 0.0}
{"seq": 54, "timestamp": "2025-10-17T06:27:52.573000", "symbol": "ETHUSDT", "bids": [[3874.93, 2566.898], [3874.92, 0.008], [3874.91, 251.992], [3874.9, 254.597], [3874.88, 252.584]], "asks": [[3875.21, 3096.592], [3875.22, 1422.271], [3875.23, 2580.027], [3875.26, 157.018], [3875.27, 157.018]], "ts_recv": 1760653672636.1401, "E": 1760653672573, "U": 76545640067, "u": 76545640767, "pu": 76545639943, "latency_event_ms": 63.14, "latency_pipeline_ms": 0.0}
{"seq": 55, "timestamp": "2025-10-17T06:27:52.921000", "symbol": "ETHUSDT", "bids": [[3874.93, 2566.898], [3874.92, 0.008], [3874.91, 251.992], [3874.9, 254.597], [3874.88, 252.584]], "asks": [[3875.21, 1806.583], [3875.22, 1422.271], [3875.23, 2580.027], [3875.26, 157.018], [3875.27, 415.218]], "ts_recv": 1760653672983.4968, "E": 1760653672921, "U": 76545642484, "u": 76545643137, "pu": 76545640767, "latency_event_ms": 62.5, "latency_pipeline_ms": 0.0}
{"seq": 56, "timestamp": "2025-10-17T06:27:53.190000", "symbol": "ETHUSDT", "bids": [[3874.93, 2566.898], [3874.92, 0.008], [3874.91, 251.992], [3874.9, 254.597], [3874.88, 252.584]], "asks": [[3875.21, 1806.583], [3875.22, 1422.271], [3875.23, 2580.027], [3875.26, 157.018], [3875.27, 415.218]], "ts_recv": 1760653673251.93, "E": 1760653673190, "U": 76545644583, "u": 76545644584, "pu": 76545643137, "latency_event_ms": 61.93, "latency_pipeline_ms": 0.0}
{"seq": 57, "timestamp": "2025-10-17T06:27:53.465000", "symbol": "ETHUSDT", "bids": [[3874.93, 2566.898], [3874.92, 0.008], [3874.91, 251.992], [3874.9, 254.597], [3874.88, 252.584]], "asks": [[3875.21, 1806.572], [3875.22, 1422.271], [3875.23, 2580.027], [3875.26, 157.018], [3875.27, 415.218]], "ts_recv": 1760653673526.105, "E": 1760653673465, "U": 76545646623, "u": 76545646623, "pu": 76545644584, "latency_event_ms": 61.1, "latency_pipeline_ms": 0.0}
{"seq": 58, "timestamp": "2025-10-17T06:27:54.067000", "symbol": "ETHUSDT", "bids": [[3874.93, 2566.887], [3874.92, 0.008], [3874.91, 251.992], [3874.9, 254.597], [3874.88, 252.584]], "asks": [[3875.21, 1806.572], [3875.22, 1422.271], [3875.23, 2580.027], [3875.26, 157.018], [3875.27, 415.218]], "ts_recv": 1760653674129.044, "E": 1760653674067, "U": 76545651169, "u": 76545651169, "pu": 76545646623, "latency_event_ms": 62.04, "latency_pipeline_ms": 0.0}
{"seq": 59, "timestamp": "2025-10-17T06:27:54.334000", "symbol": "ETHUSDT", "bids": [[3874.93, 2566.887], [3874.92, 0.008], [3874.91, 251.992], [3874.9, 254.597], [3874.88, 252.584]], "asks": [[3875.21, 1806.572], [3875.22, 1422.271], [3875.23, 2580.027], [3875.26, 157.018], [3875.27, 415.218]], "ts_recv": 1760653674395.315, "E": 1760653674334, "U": 76545653353, "u": 76545653354, "pu": 76545651169, "latency_event_ms": 61.32, "latency_pipeline_ms": 0.0}
{"seq": 60, "timestamp": "2025-10-17T06:27:55.531000", "symbol": "ETHUSDT", "bids": [[3874.93, 2566.887], [3874.92, 0.008], [3874.91, 251.992], [3874.9, 254.597], [3874.88, 252.584]], "asks": [[3875.22, 1032.8], [3875.23, 2580.027], [3875.26, 157.018], [3875.27, 1290.246], [3875.29, 1079.355]], "ts_recv": 1760653675594.9248, "E": 1760653675531, "U": 76545662249, "u": 76545662943, "pu": 76545653354, "latency_event_ms": 63.92, "latency_pipeline_ms": 0.0}
{"seq": 61, "timestamp": "2025-10-17T06:27:55.887000", "symbol": "ETHUSDT", "bids": [[3874.93, 2566.887], [3874.92, 0.008], [3874.91, 251.992], [3874.9, 254.597], [3874.88, 252.584]], "asks": [[3875.23, 2322.027], [3875.26, 157.018], [3875.27, 1290.246], [3875.29, 1079.355], [3875.33, 2580.023]], "ts_recv": 1760653675948.536, "E": 1760653675887, "U": 76545664844, "u": 76545665539, "pu": 76545662943, "latency_event_ms": 61.54, "latency_pipeline_ms": 0.0}
{"seq": 62, "timestamp": "2025-10-17T06:27:56.154000", "symbol": "ETHUSDT", "bids": [[3874.93, 2566.887], [3874.92, 0.008], [3874.91, 251.992], [3874.9, 254.597], [3874.88, 252.584]], "asks": [[3875.23, 2322.027], [3875.26, 157.018], [3875.27, 1290.246], [3875.29, 1079.355], [3875.33, 2580.023]], "ts_recv": 1760653676216.1218, "E": 1760653676154, "U": 76545666707, "u": 76545666712, "pu": 76545665539, "latency_event_ms": 62.12, "latency_pipeline_ms": 0.0}
{"seq": 63, "timestamp": "2025-10-17T06:27:57.249000", "symbol": "ETHUSDT", "bids": [[3874.93, 2566.37], [3874.92, 0.008], [3874.91, 251.992], [3874.9, 254.597], [3874.88, 252.584]], "asks": [[3875.23, 2322.027], [3875.26, 157.018], [3875.27, 1290.246], [3875.29, 1079.355], [3875.33, 2580.023]], "ts_recv": 1760653677311.521, "E": 1760653677249, "U": 76545672253, "u": 76545672253, "pu": 76545666712, "latency_event_ms": 62.52, "latency_pipeline_ms": 0.0}
{"seq": 64, "timestamp": "2025-10-17T06:27:58.629000", "symbol": "ETHUSDT", "bids": [[3874.93, 2565.984], [3874.92, 0.008], [3874.91, 251.992], [3874.9, 254.597], [3874.88, 252.584]], "asks": [[3875.23, 2322.018], [3875.26, 157.018], [3875.27, 1290.246], [3875.29, 1079.355], [3875.33, 2580.023]], "ts_recv": 1760653678690.347, "E": 1760653678629, "U": 76545678948, "u": 76545679299, "pu": 76545672253, "latency_event_ms": 61.35, "latency_pipeline_ms": 0.0}
{"seq": 65, "timestamp": "2025-10-17T06:27:58.789000", "symbol": "ETHUSDT", "bids": [[3874.93, 2565.984], [3874.92, 0.008], [3874.91, 251.992], [3874.9, 254.597], [3874.88, 252.584]], "asks": [[3875.23, 1289.995], [3875.26, 157.018], [3875.27, 1290.246], [3875.29, 1079.355], [3875.33, 2580.023]], "ts_recv": 1760653678850.481, "E": 1760653678789, "U": 76545679664, "u": 76545680104, "pu": 76545679299, "latency_event_ms": 61.48, "latency_pipeline_ms": 0.0}
{"seq": 66, "timestamp": "2025-10-17T06:27:58.899000", "symbol": "ETHUSDT", "bids": [[3874.93, 2565.984], [3874.92, 0.008], [3874.91, 251.992], [3874.9, 254.597], [3874.88, 252.584]], "asks": [[3875.26, 157.018], [3875.27, 1290.246], [3875.29, 1079.355], [3875.33, 2580.023], [3875.36, 157.018]], "ts_recv": 1760653678961.038, "E": 1760653678899, "U": 76545680179, "u": 76545680396, "pu": 76545680104, "latency_event_ms": 62.04, "latency_pipeline_ms": 0.0}
{"seq": 67, "timestamp": "2025-10-17T06:27:59.076000", "symbol": "ETHUSDT", "bids": [[3874.93, 2565.984], [3874.92, 0.008], [3874.91, 251.992], [3874.9, 254.597], [3874.88, 252.584]], "asks": [[3875.27, 765.224], [3875.29, 1079.355], [3875.33, 2580.023], [3875.36, 157.018], [3875.39, 1290.014]], "ts_recv": 1760653679137.5178, "E": 1760653679076, "U": 76545681069, "u": 76545681517, "pu": 76545680396, "latency_event_ms": 61.52, "latency_pipeline_ms": 0.0}
{"seq": 68, "timestamp": "2025-10-17T06:27:59.342000", "symbol": "ETHUSDT", "bids": [[3874.93, 2565.984], [3874.92, 0.008], [3874.91, 251.992], [3874.9, 254.597], [3874.88, 252.584]], "asks": [[3875.27, 765.224], [3875.29, 1079.355], [3875.33, 2580.023], [3875.36, 157.018], [3875.39, 1290.014]], "ts_recv": 1760653679403.986, "E": 1760653679342, "U": 76545682742, "u": 76545682743, "pu": 76545681517, "latency_event_ms": 61.99, "latency_pipeline_ms": 0.0}
{"seq": 69, "timestamp": "2025-10-17T06:28:01.554000", "symbol": "ETHUSDT", "bids": [[3874.94, 0.006], [3874.93, 2565.984], [3874.92, 0.008], [3874.91, 251.992], [3874.9, 254.597]], "asks": [[3875.26, 0.006], [3875.27, 765.224], [3875.29, 1079.355], [3875.33, 2580.023], [3875.36, 157.018]], "ts_recv": 1760653681615.009, "E": 1760653681554, "U": 76545694374, "u": 76545694471, "pu": 76545682743, "latency_event_ms": 61.01, "latency_pipeline_ms": 0.0}
{"seq": 70, "timestamp": "2025-10-17T06:28:01.792000", "symbol": "ETHUSDT", "bids": [[3874.94, 0.012], [3874.93, 2565.984], [3874.92, 0.008], [3874.91, 251.992], [3874.9, 254.597]], "asks": [[3875.26, 0.006], [3875.27, 756.835], [3875.29, 1079.355], [3875.33, 2580.023], [3875.36, 157.018]], "ts_recv": 1760653681854.229, "E": 1760653681792, "U": 76545695481, "u": 76545695553, "pu": 76545694471, "latency_event_ms": 62.23, "latency_pipeline_ms": 0.0}
{"seq": 71, "timestamp": "2025-10-17T06:28:03.833000", "symbol": "ETHUSDT", "bids": [[3874.94, 0.018], [3874.93, 2565.984], [3874.92, 0.008], [3874.91, 251.992], [3874.9, 254.597]], "asks": [[3875.26, 0.012], [3875.27, 756.835], [3875.29, 1079.355], [3875.33, 2580.023], [3875.36, 157.018]], "ts_recv": 1760653683894.4631, "E": 1760653683833, "U": 76545707738, "u": 76545707963, "pu": 76545695553, "latency_event_ms": 61.46, "latency_pipeline_ms": 0.0}
{"seq": 72, "timestamp": "2025-10-17T06:28:07.018000", "symbol": "ETHUSDT", "bids": [[3874.94, 0.018], [3874.93, 2565.984], [3874.92, 0.008], [3874.91, 251.992], [3874.9, 254.597]], "asks": [[3875.26, 0.005], [3875.29, 258.2], [3875.33, 2580.023], [3875.36, 157.018], [3875.39, 1290.014]], "ts_recv": 1760653687080.053, "E": 1760653687018, "U": 76545724984, "u": 76545725654, "pu": 76545707963, "latency_event_ms": 62.05, "latency_pipeline_ms": 0.0}
{"seq": 73, "timestamp": "2025-10-17T06:28:09.587000", "symbol": "ETHUSDT", "bids": [[3874.94, 0.018], [3874.93, 2565.984], [3874.92, 0.008], [3874.91, 251.992], [3874.9, 254.597]], "asks": [[3875.33, 2064.0], [3875.36, 157.018], [3875.39, 1290.014], [3875.4, 5161.04], [3875.42, 660.605]], "ts_recv": 1760653689649.727, "E": 1760653689587, "U": 76545742535, "u": 76545742967, "pu": 76545725654, "latency_event_ms": 62.73, "latency_pipeline_ms": 0.0}
{"seq": 74, "timestamp": "2025-10-17T06:28:10.134000", "symbol": "ETHUSDT", "bids": [[3874.94, 0.024], [3874.93, 2565.984], [3874.92, 0.008], [3874.91, 251.992], [3874.9, 254.597]], "asks": [[3875.32, 0.006], [3875.33, 2064.0], [3875.36, 157.018], [3875.39, 1290.014], [3875.4, 5161.04]], "ts_recv": 1760653690194.704, "E": 1760653690134, "U": 76545745088, "u": 76545745199, "pu": 76545742967, "latency_event_ms": 60.7, "latency_pipeline_ms": 0.0}
{"seq": 75, "timestamp": "2025-10-17T06:28:10.401000", "symbol": "ETHUSDT", "bids": [[3875.13, 0.02], [3874.94, 0.024], [3874.93, 2565.984], [3874.92, 0.008], [3874.91, 251.992]], "asks": [[3875.32, 0.006], [3875.33, 2064.0], [3875.36, 157.018], [3875.39, 1290.014], [3875.4, 5161.04]], "ts_recv": 1760653690463.675, "E": 1760653690401, "U": 76545746486, "u": 76545746497, "pu": 76545745199, "latency_event_ms": 62.67, "latency_pipeline_ms": 0.0}
